3875 5759
468 1043 471 1050 .
595 942 668 1039 '468
765 937 1098 1016 VEGETII
1144 945 1272 1017 ΗΒ.
1322 945 1387 1016 lll.

594 1104 690 1183 btam
701 1157 712 1193 ,
724 1101 847 1186 radicis
866 1101 1074 1176 dranconriae
1092 1100 1227 1176 unciam
1243 1099 1370 1189 unamb
1385 1099 1557 1201 gentiana

597 1213 735 1287 unciam
747 1237 867 1303 unam,
881 1230 1068 1286 centaurea
1077 1212 1209 1284 unciam
1222 1236 1334 1299 unam,
1345 1209 1415 1306 sepi
1427 1210 1560 1283 taurini

599 1325 733 1397 unciam
747 1345 847 1393 unam
870 1321 1079 1412 contundes,
1093 1323 1131 1396 δι
1144 1319 1231 1411 illis,
1245 1346 1321 1418 quae
1335 1320 1428 1416 prius
1442 1339 1560 1414 parata

595 1434 687 1521 sunt,
701 1431 815 1504 addast
826 1455 902 1526 quac
915 1431 1032 1505 omnia
1045 1430 1080 1503 in
1093 1431 1289 1505 mortarium
1303 1430 1426 1520 mittes,
1439 1433 1476 1504 dt
1489 1429 1564 1501 diu·

598 1543 719 1616 tissime
732 1559 899 1616 conteres.
911 1541 964 1613 Ad
983 1540 1138 1615 ultimum
1151 1541 1229 1637 palli
1242 1541 1401 1614 sextarios
1415 1563 1503 1630 tres,
1520 1545 1563 1617 δι

598 1678 740 1749 aquam,
755 1650 790 1724 in
805 1676 872 1750 qua
884 1651 1016 1729 foenum
1030 1655 1188 1725 Graecum
1203 1652 1259 1724 vel
1281 1650 1391 1724 semen
1405 1650 1468 1723 lini
1482 1650 1562 1723 sue·

599 1779 653 1834 tat
668 1759 832 1850 inlusum,
852 1759 988 1853 adjicies
1006 1763 1044 1835 &
1066 1759 1254 1856 decoques,
1275 1784 1314 1832 ac
1327 1784 1387 1856 pet
1405 1759 1562 1832 triduum

600 1871 642 1945 ad
660 1896 767 1946 cornu
787 1871 891 1944 dabis.
904 1869 1063 1945 Graviter
1079 1868 1247 1943 sustentes
1261 1872 1298 1943 δι
1311 1868 1397 1940 vulsi
1412 1868 1477 1941 hac
1492 1894 1563 1963 po-

600 1980 698 2055 tione
709 2004 920 2055 recreantur:
934 1980 991 2053 De
1003 1978 1151 2054 masculo
1162 1978 1295 2075 pinguis
1305 1978 1467 2076 porcinus
1479 2004 1564 2053 acro

479 2151 493 2174 ,
602 2091 825 2187 decoquitur,
842 2090 954 2163 donec
980 2090 1091 2163 omnis
1112 2114 1192 2164 caro
1214 2088 1386 2176 solvatur,
1406 2086 1565 2194 abjesiise

601 2226 668 2297 que
687 2199 811 2270 osfibus
826 2197 1006 2285 universe,
1020 2224 1096 2272 cum
1110 2198 1204 2292 jure,
1218 2224 1288 2297 quo
1302 2197 1564 2292 deferbuerunt,

602 2313 643 2382 δι
665 2309 769 2380 tribus
796 2306 946 2382 sextariis
967 2309 1045 2403 palli
1068 2312 1106 2384 &
1126 2310 1271 2384 sextario
1289 2309 1427 2407 ptisanae
1447 2312 1579 2386 rursus*

600 2417 639 2490 in
668 2416 827 2492 cacabum
864 2416 979 2491 mittis.
1007 2418 1108 2517 glutis
1140 2418 1281 2491 taurinae
1314 2419 1565 2513 semiunciam,

602 2524 688 2601 aceti
705 2522 858 2600 acerrimi
876 2523 1010 2599 hemina
1027 2524 1165 2598 dimidia
1184 2526 1429 2625 conjungitur,
1444 2531 1486 2603 δι
1500 2530 1565 2604 ser·

603 2658 683 2725 vet,
706 2653 744 2708 ut
764 2633 885 2732 quilon
901 2630 970 2707 fiat.
989 2630 1131 2732 uaganti
1152 2632 1261 2706 unciae
1282 2654 1371 2721 tres,
1385 2633 1447 2706 lini
1468 2636 1567 2711 semi·

603 2745 659 2819 nis
677 2747 715 2820 δι
736 2742 823 2819 foeni
843 2742 958 2818 Graeci
977 2742 1086 2816 unciae
1098 2740 1234 2840 singule
1247 2742 1491 2840 decoquuntur
1502 2772 1567 2820 ex·

604 2854 820 2931 trinsecus&
841 2871 1016 2928 teruntur:
1037 2850 1194 2950 adjunges
1208 2852 1305 2925 etiam
1321 2854 1480 2928 medullae
1493 2883 1569 2932 cera

604 2961 699 3035 vinae
720 2965 758 3036 δι
779 2961 846 3058 sepi
864 2962 987 3036 hircini
1006 2961 1121 3035 uncias
1143 2979 1221 3034 tres.
1242 2987 1318 3062 quae
1331 2962 1371 3034 ad
1383 2963 1570 3057 ultimum,

605 3098 686 3146 cum
708 3070 822 3142 omnia
843 3072 964 3165 pariter
987 3071 1143 3145 calefasla
1160 3070 1285 3144 suerint
1304 3076 1342 3145 δι
1365 3075 1501 3167 colata,
1517 3078 1570 3151 fa·

606 3182 682 3257 cies
697 3180 896 3274 potionem,
910 3206 953 3254 ex
972 3206 1038 3278 qua
1053 3191 1112 3276 per
1131 3207 1239 3255 cornu
1253 3184 1345 3254 dabis
1362 3184 1573 3263 animalibus

603 3288 725 3361 diebus
744 3288 893 3384 septem,
914 3308 973 3362 aut
994 3313 1118 3386 novem
1134 3316 1143 3363 t
1159 3311 1359 3380 curaturus,
1378 3311 1416 3366 ut
1436 3299 1572 3391 tepesa·

606 3397 692 3470 &am
712 3396 956 3495 degeras,quae
976 3423 1019 3472 ne
1039 3397 1228 3495 spillentur,
1242 3399 1383 3493 adjeslio
1405 3404 1487 3496 passa
1504 3458 1517 3495 ,
1533 3409 1572 3481 δι

605 3532 702 3604 aquae
723 3507 812 3581 illius
833 3508 955 3607 copia,
971 3508 1088 3606 inqua
1109 3510 1203 3583 cosla
1218 3504 1305 3583 sunt'
1316 3511 1462 3601 semina,
1477 3539 1573 3609 prae-

606 3617 670 3690 stat
695 3616 950 3713 liquamenrutn.
979 3618 1150 3717 Aliquanti
1180 3638 1280 3715 caput
1310 3620 1471 3717 agninum
1498 3643 1572 3699 tam

350 3830 354 3843 Ι
382 3801 384 3805 ,
483 3787 495 3824 Ι.
607 3726 666 3799 diu
687 3726 907 3824 decoquunt,
926 3729 1039 3804 donec
1060 3728 1173 3809 omnis
1196 3755 1363 3828 compago
1385 3731 1572 3825 solvatur,

607 3835 810 3934 abjeslisque
830 3835 952 3909 offibus
971 3835 1312 3934 terunt,·adjesloque
1335 3835 1443 3930 adjus
1464 3840 1571 3937 ipsius

606 3945 725 4034 melle,
741 3946 857 4018 diebus
877 3945 1001 4050 septem
1026 3948 1067 4020 ad
1085 3970 1194 4019 cornu
1218 3942 1382 4045 digerunt.
1406 3951 1519 4041 Quod
1545 3958 1569 4027 si

606 4051 701 4127 tuffis
719 4076 762 4125 ex
781 4052 931 4133 faucibus
945 4054 1078 4144 veniat,
1093 4055 1243 4150 myrtha
1260 4058 1374 4127 uncias
1391 4074 1480 4148 tres,
1498 4088 1569 4136 car.

534 4209 537 4214 -
606 4162 755 4237 dantomi
773 4163 907 4237 unciam
923 4187 1022 4236 unam
1032 4216 1044 4251 ,
1055 4161 1166 4234 nuclei
1181 4162 1356 4237 sextarium
1372 4217 1383 4253 ,
1397 4190 1478 4238 uvae
1493 4172 1569 4265 pas.

605 4270 650 4346 sae
670 4271 872 4362 sextarium,
891 4270 1019 4344 deteres
1041 4269 1237 4366 diligenter,
1262 4270 1445 4368 additoque
1465 4280 1569 4353 melle

608 4382 768 4479 agitando
785 4378 885 4462 lentis
898 4378 1102 4456 carbonibus
1120 4378 1296 4477 decoques.
1317 4404 1394 4453 cum
1409 4380 1570 4484 intepue-
