3875 5759
519 913 646 1003 Ν
742 897 1373 987 venetrinum.

572 1064 694 1163 squilla
707 1087 785 1137 cum
798 1060 881 1148 saie,
895 1060 952 1133 vel
966 1061 1070 1137 herba
1086 1060 1285 1162 sanguinalis
1299 1061 1417 1162 (quam
1429 1064 1538 1165 polyc

571 1198 693 1273 gonon
720 1170 834 1246 Graeci
863 1168 1059 1269 appeliant)
1092 1172 1148 1245 vel
1178 1174 1407 1260 marrubium,
1438 1173 1536 1247 ferro

569 1305 687 1381 aperta
710 1281 833 1351 sanare.
847 1279 975 1351 Omnis
987 1299 1097 1352 autem
1113 1281 1273 1378 corporis
1293 1278 1536 1371 dolor,s1srne

424 1477 426 1484 ,
464 1451 468 1465 .
570 1392 713 1467 vulnere
736 1385 808 1476 est,
829 1410 947 1462 recens
973 1385 1135 1461 fomentis
1161 1391 1307 1465 messinis
1333 1392 1534 1467 discutitur:

568 1521 669 1575 vetus
687 1515 800 1571 autem
815 1497 947 1589 uritur,
966 1500 1005 1573 &
1019 1497 1115 1595 supra
1131 1500 1258 1575 vulnus
1273 1503 1331 1574 vel
1351 1503 1536 1601 butyrum,

568 1612 625 1685 ves
648 1609 787 1705 caprina
800 1608 978 1682 instillatur
989 1608 1145 1707 axungia.
1159 1612 1294 1685 Scavies
1308 1613 1440 1686 sanatur
1452 1615 1536 1688 trito

472 1731 481 1756 ‘
565 1719 649 1795 allio
666 1718 847 1793 defricata:
861 1717 1050 1814 eodemque
1070 1719 1220 1817 ¹remedio
1235 1721 1357 1796 rabiosi
1373 1723 1467 1798 canis
1482 1725 1536 1799 sa·

565 1820 828 1916 narur'morsus‚
838 1824 897 1900 vel
907 1825 1017 1923 lupini
1030 1826 1154 1899 vulnus
1167 1826 1309 1902 illatum.
1323 1831 1431 1903 Vetus
1443 1856 1538 1929 quo·

564 1964 634 2042 qqe
654 1939 886 2012 salsamentum
903 1953 1081 2035 utramque
1102 1936 1441 2034 perhibeturplagam
1466 1967 1539 2013 cu-

564 2073 653 2123 rare.
671 2048 724 2121 Ad
738 2044 880 2120 scabiem
900 2068 1041 2143 quoque
1062 2043 1259 2141 presentior
1281 2046 1446 2119 medicina
1466 2047 1537 2127 ista

564 2157 632 2231 est:
645 2157 670 2230 sr
685 2154 798 2238 cunila
809 2153 937 2245 bubula
952 2153 1159 2251 sulphurque
1173 2153 1380 2244 conterimr,
1394 2156 1536 2229 admix-

563 2283 667 2361 taque
687 2261 827 2360 myrrha
850 2285 927 2333 cum
950 2260 1032 2333 oleo
1053 2278 1153 2357 atque
1172 2279 1272 2334 aceto
1298 2262 1531 2359 decoquitur,

467 2413 469 2417 Α
564 2372 605 2445 &
629 2394 707 2443 cum
729 2366 896 2464 tepescere
918 2365 1083 2469 coeperit,
1100 2366 1235 2440 alumen
1257 2368 1386 2442 scissum
1413 2370 1531 2454 tritum

563 2478 788 2577 inspergitur:
801 2478 897 2571 quod
910 2476 1191 2550 medicamentum
1210 2479 1375 2553 candente
1394 2481 1466 2555 sole
1486 2484 1531 2556 il·

563 2593 701 2666 linitum
720 2589 864 2688 prodest.
882 2587 1062 2663 Ulceribus
1078 2587 1236 2685 gallarum
1250 2588 1403 2678 tritarum
1418 2593 1532 2688 pulvis

563 2695 777 2796 inspergitur.
789 2696 913 2769 Succos
932 2717 1073 2794 quoque
1086 2694 1248 2790 marrubii
1262 2694 1439 2791 impositus
1452 2723 1530 2774 cum

419 2793 424 2800 ”
512 2867 518 2890 ,
561 2806 704 2907 fuligine
735 2806 837 2880 sanat.
868 2803 986 2877 infesta
1011 2802 1109 2901 pesiis
1140 2803 1186 2877 esi
1213 2804 1379 2879 bubulino
1410 2810 1528 2904 pecori

562 2919 690 3015 (quam
713 2915 921 3013 coriaginem
944 2912 1057 2987 rustici
1077 2912 1232 3013 vocant)
1263 2941 1341 2987 cum
1365 2917 1461 3011 pellis
1482 2918 1529 2991 ita

561 3029 670 3102 dorso
688 3029 815 3113 haeret,
839 3046 877 3099 ut
901 3023 1105 3121 apprehensa
1130 3026 1285 3099 manibus
1313 3026 1432 3102 deduci
1455 3055 1527 3105 non

560 3134 695 3232 poffita
715 3132 836 3206 costis:
852 3158 929 3229 quae
946 3156 1005 3205 res·
1014 3155 1085 3203 non
1102 3132 1198 3205 aliter
1207 3134 1355 3223 accidit,
1378 3159 1481 3230 quam
1501 3137 1526 3209 st

560 3244 627 3317 bos
647 3264 690 3313 ex
712 3240 874 3336 languore
897 3237 1015 3333 aliquo
1038 3239 1080 3309 ad
1104 3240 1243 3313 maciem
1269 3242 1427 3314 dedusius
1453 3244 1526 3335 esi,

560 3370 618 3424 aut
639 3346 758 3421 sudans
769 3348 925 3442 inopere
943 3344 1102 3419 faciendo
1117 3347 1270 3447 refriguit
1280 3404 1292 3438 ,
1304 3333 1360 3422 aut
1373 3347 1397 3419 si
1411 3347 1526 3445 lapsus

560 3461 622 3536 sub
642 3449 987 3532 onere'vehementer
1012 3457 1060 3530 esi
1080 3456 1209 3531 infusus
1233 3459 1269 3533 in
1294 3459 1421 3557 pluvia.
1443 3483 1526 3556 quae

559 3568 766 3667 quandoque
781 3564 970 3662 perniciosa
982 3565 1079 3656 sunt,
1093 3567 1261 3640 custodire
1273 3568 1450 3654 debemus,
1464 3588 1526 3655 ut,

558 3702 639 3753 cum
653 3676 696 3747 ab
712 3699 817 3771 opere
830 3676 992 3748 redierint
1008 3669 1117 3749 boves
1138 3676 1246 3748 adhuc
1266 3676 1440 3749 aestuantes
1460 3702 1523 3748 an-

558 3784 798 3883 helantesque,
819 3785 907 3858 vino
926 3786 1164 3884 aspergantur,
1178 3785 1216 3859 δι
1230 3785 1337 3875 offula
1358 3786 1452 3884 panis
1467 3787 1523 3858 vi-

558 3920 609 3976 no
630 3893 736 3981 infusa
758 3893 910 3968 saucibus
924 3891 1235 3980 eoruminseratur.
1258 3894 1409 3989 Quodsi
1432 3920 1523 3991 prae·

558 4002 683 4080 dietum
705 4002 828 4084 vitium
850 4001 1042 4087 inhaeserit,
1067 4001 1205 4097 expedit
1231 4003 1426 4098 decoquere
1446 4004 1522 4075 lau·

555 4135 660 4198 rum,
678 4111 716 4184 δι
738 4134 815 4183 oum
836 4110 992 4184 calida&
1012 4106 1093 4181 oleo
1114 4111 1152 4183 δι
1174 4109 1260 4182 vino
1280 4108 1409 4204 spinam
1436 4110 1524 4183 dor·

453 4316 455 4319 Α
557 4216 697 4314 sumque
721 4216 874 4291 animalis
891 4216 1084 4291 confricare
1109 4237 1229 4292 contra
1249 4216 1378 4313 pilum,
1395 4244 1436 4291 ac
1462 4244 1522 4316 per

552 4348 679 4436 omnes
699 4348 810 4427 partes
828 4318 1083 4431 apprehendere
1100 4330 1248 4427 pellem,
1262 4331 1301 4405 δε
1319 4330 1445 4409 vesuta
1460 4356 1520 4406 co·
