3875 5759
1092 785 1111 854 t

509 913 576 1009 3⁹⁶
676 907 1294 1022 vectantibus

505 1071 547 1146 lis
578 1070 737 1168 imponis.
764 1067 904 1140 farinam
928 1092 1066 1165 quoque
1089 1067 1252 1140 triticeam
1274 1090 1351 1139 cum
1378 1063 1467 1137 tritis

504 1181 680 1256 salibus&
700 1175 809 1273 puscae
829 1177 977 1250 sextario
998 1202 1092 1265 uno,
1107 1175 1257 1250 faucibus
1280 1172 1465 1258 infundes,

505 1291 643 1364 herbam
665 1285 874 1380 Artemisiam
898 1286 1029 1356 tunsam
1054 1313 1130 1358 cum
1157 1285 1237 1356 oleo
1261 1287 1298 1357 δι
1323 1282 1466 1354 modico

505 1399 628 1470 lixivio
646 1394 738 1466 dabis
760 1395 801 1465 ad
816 1418 943 1481 cornu,
956 1394 1136 1467 abstinebis
1154 1395 1194 1467 ab
1212 1395 1364 1484 hordeo,
1377 1393 1466 1464 sabae

504 1503 618 1576 solidae
637 1500 814 1572 sextarium
830 1499 994 1596 porrigis,
1010 1519 1047 1571 ut
1066 1501 1203 1597 vigilet,
1219 1504 1330 1573 donec
1344 1499 1467 1571 durio·

504 1636 557 1684 res
576 1612 712 1681 edomet
731 1609 838 1682 cibos.
864 1610 904 1680 de
924 1608 1060 1682 cervice
1083 1609 1275 1706 sanguinem
1303 1611 1333 1681 ei
1353 1612 1467 1681 detra·

503 1723 573 1793 hes.
591 1721 776 1816 Depletum
795 1720 856 1790 hac
874 1718 1006 1790 ratione
1025 1720 1180 1792 curabis:
1205 1720 1374 1792 Afronitri
1397 1745 1468 1789 un·

505 1830 574 1903 cias
598 1850 689 1917 tres,
706 1830 800 1927 gallae
813 1827 987 1927 Syriaticae
1005 1827 1118 1900 uncias
1131 1829 1236 1915 duas,
1258 1829 1355 1923 spicae
1370 1827 1469 1899 nardi

506 1940 624 2012 uncias
645 1941 748 2028 duas,
762 1937 879 2011 radicis
900 1937 1050 2031 capparis
1063 1937 1177 2010 uncias
1199 1939 1297 2025 duas,
1314 1938 1413 2006 tunsa
1431 1942 1471 2010 &

508 2049 649 2121 cribrata
668 2044 867 2141 permisces,
885 2047 921 2117 δι
939 2062 1036 2114 terna
1052 2043 1239 2116 cochlearia
1258 2044 1291 2113 in
1317 2042 1473 2114 sextario

510 2179 605 2250 aquae
618 2154 738 2248 tepidae
752 2153 845 2224 dabis
861 2151 895 2221 in
910 2171 1005 2246 potu.
1021 2153 1204 2246 Nunquam
1217 2149 1392 2247 frigidam,
1407 2176 1472 2223 nec

509 2263 652 2333 nimium
666 2261 827 2347 calidam,
844 2261 898 2332 sed
911 2261 1079 2355 tepidam,
1093 2263 1136 2332 ad
1149 2262 1328 2333 bibendum
1341 2260 1472 2357 semper

509 2366 662 2463 accipiat.
684 2367 818 2439 Assidue
838 2367 974 2464 flagello
988 2368 1201 2442 excitandum
1217 2386 1274 2440 aut
1296 2393 1409 2459 voce,
1432 2386 1472 2441 ut

509 2475 632 2549 vitium
654 2471 779 2545 timore
802 2473 962 2567 deponat.

561 2584 686 2654 XLlX.
712 2581 746 2651 Si
765 2580 861 2677 quod
884 2577 1070 2674 jumentum
1087 2581 1245 2654 morbum
1260 2581 1388 2680 regium
1411 2582 1473 2653 hae

512 2692 645 2782 buerit,
657 2692 708 2763 bis
728 2690 921 2789 agnoscitur
937 2692 1055 2788 signis:
1074 2692 1219 2787 Utrique
1236 2693 1330 2765 oculi
1346 2693 1473 2765 virides

511 2801 614 2893 sunt,
640 2804 678 2875 δι
706 2801 876 2874 cervicem
907 2801 1100 2874 inclinatam
1132 2801 1269 2874 habebit
1294 2802 1329 2875 in
1354 2804 1472 2875 dextra

510 2901 690 3010 parte,&
714 2912 798 3006 pede
824 2909 969 3007 [dextro
998 2910 1119 3008 etiam]
1144 2910 1275 2984 sinistro
1301 2912 1473 2984 videbitur

513 3019 710 3094 claudicare.
736 3016 830 3112 cujus
855 3020 982 3092 curatio
1000 3021 1046 3091 est
1060 3020 1138 3091 isla:
1155 3021 1251 3091 Loco
1270 3020 1473 3109 tenebroso,

512 3129 571 3200 ubi
590 3127 704 3197 lumen
725 3126 841 3197 videre
856 3151 929 3198 non
950 3129 1074 3222 possit,
1096 3127 1285 3217 clauditur,
1299 3133 1336 3201 &
1355 3131 1474 3223 operi·

469 3311 478 3330 κ
513 3256 569 3307 tur
590 3234 671 3331 sagis
692 3234 758 3322 ita,
773 3259 815 3305 ne
836 3233 932 3308 oculi
948 3234 1021 3329 ejus
1034 3235 1224 3331 aperiantur
1245 3237 1279 3308 in
1298 3237 1372 3323 die,
1385 3240 1473 3311 oleo

514 3346 553 3419 &
577 3343 663 3416 vino
682 3343 798 3439 tepido
820 3364 963 3442 ungetur
988 3364 1091 3442 atque
1115 3344 1300 3431 sricabitut.
1325 3345 1477 3439 Lapides

514 3459 658 3531 molares
676 3481 747 3530 non
762 3455 873 3528 minus
890 3458 1043 3553 pondera
1056 3455 1206 3553 quinque
1220 3457 1255 3528 in
1277 3453 1388 3554 ignem
1402 3456 1476 3527 im-

516 3584 713 3663 ponuntur,
731 3553 883 3638 animalis
896 3585 998 3662 caput
1010 3567 1191 3662 copulatur
1206 3569 1248 3639 ad
1262 3566 1379 3662 pedeS,
1393 3591 1477 3640 cum

516 3678 602 3747 bene
616 3673 828 3762 canduerint,
841 3673 901 3746 sub
912 3673 983 3767 ejus
993 3675 1127 3746 naribus
1139 3692 1359 3768 apponuntur
1371 3725 1383 3762 ,
1397 3700 1478 3769 per·

518 3782 581 3856 sust
596 3784 676 3855 oleo
688 3782 918 3880 suffumigatur
930 3806 991 3871 os,
1007 3805 1119 3869 nares,
1133 3785 1171 3855 δι
1183 3781 1297 3871 oculi,
1311 3801 1347 3854 ut
1361 3783 1478 3857 morbi

519 3897 616 3968 virus
632 3895 780 3968 exsudet.
805 3895 899 3989 quod
921 3917 981 3989 per
1003 3892 1126 3987 septem
1147 3892 1217 3966 dies
1240 3896 1405 3967 continue
1429 3894 1478 3966 est

518 4002 718 4078 faciendum.
731 3999 807 4074 Tali
818 3999 916 4070 etiam
935 3997 1065 4069 ratione
1077 3995 1297 4071 succurrimus
1312 4026 1320 4069 :
1335 4000 1479 4095 Sangui-

408 4185 411 4194 ,
519 4138 563 4185 ne
575 4113 714 4208 caprino
728 4114 765 4184 &
780 4111 862 4184 lade
875 4109 1009 4197 ovillo,
1021 4110 1229 4205 anagallico,
1246 4108 1363 4197 coslo,
1379 4111 1479 4180 oleo·

519 4251 584 4323 que
607 4225 729 4320 pariter
747 4222 898 4298 admixto
913 4221 1012 4322 potio
1030 4219 1226 4311 conficitur,
1240 4245 1317 4318 quac
1330 4245 1393 4317 per
1407 4220 1482 4295 dies

521 4333 702 4412 duodecim
724 4332 834 4406 datur.
