3875 5759
626 912 764 989 attus
782 909 997 984 VETERIN.
1023 910 1124 981 SIVE
1149 911 1336 1005 MULout
1393 936 1463 1010 347

453 1067 455 1071 ¹
507 1072 711 1147 fruflentum
734 1075 918 1174 frangas&
932 1074 1155 1171 molastquae
1169 1071 1339 1147 omnia'de
1360 1059 1472 1149 calida⁸

507 1184 659 1258 fervente
676 1184 895 1281 conspergi&
914 1188 951 1259 &
972 1211 1048 1258 cum
1067 1185 1166 1284 melle
1181 1184 1236 1257 vel
1253 1183 1335 1281 sapa·
1347 1210 1464 1256 nove·
1494 1260 1497 1265 ,

475 1328 479 1332 ·
508 1318 566 1366 nas
587 1292 671 1367 offas
691 1293 827 1389 singulis
847 1292 964 1365 diebus
987 1293 1126 1390 digeres.
1143 1293 1305 1366 Praetetea
1332 1292 1466 1389 sangui-
1576 1387 1580 1394 ,

508 1426 585 1473 nem
604 1402 742 1474 marinae
761 1399 932 1474 testudinis
956 1402 1174 1498 colliges‚&
1197 1427 1273 1475 cum
1296 1400 1382 1474 vino
1405 1409 1467 1496 p'er

507 1532 548 1581 os
563 1510 667 1584 dabis.
684 1535 785 1608 quam
808 1511 887 1610 quia
914 1511 1071 1585 invenire
1092 1511 1228 1584 difficile
1253 1511 1323 1600 est,
1349 1483 1497 1607 vulga-2Y

508 1620 595 1692 rium
622 1618 821 1692 testudinum
851 1617 1003 1716 prodeffe
1030 1620 1203 1692 aestimant.
1231 1620 1326 1713 quod
1353 1638 1468 1691 utrum

507 1730 594 1802 bene
612 1728 815 1827 opinantur,
830 1728 908 1801 usus
929 1728 1154 1802 viderit.'nam
1176 1721 1328 1799 auetore'r
1339 1727 1385 1800 -de
1400 1744 1468 1800 tete

509 1837 606 1910 restri
632 1838 797 1912 testudine
823 1840 1063 1912 trallaverunt.
1090 1835 1269 1907 Pulverem
1295 1837 1335 1908 &
1361 1836 1467 1907 caffiae

508 1944 644 2037 fistula,
659 1971 722 2022 nee
741 1973 812 2020 non
835 1947 935 2022 etiam
950 1944 1033 2016 turis
1046 1968 1110 2040 pro
1131 1968 1227 2042 aequa
1243 1964 1336 2040 parte
1357 1944 1467 2016 adnli·

508 2055 599 2141 sees,
623 2080 723 2127 exeo
746 2079 845 2125 unam
863 2052 959 2125 semis
971 2052 1104 2126 unciam
1127 2078 1206 2127 cum
1225 2052 1368 2126 sextario
1393 2050 1467 2126 vini

509 2161 633 2237 veteris
648 2162 682 2233 in
699 2163 752 2234 die
774 2186 834 2258 per
856 2186 950 2235 nares
968 2161 1070 2237 bovis
1084 2162 1246 2236 infundis.
1267 2163 1374 2255 Quod
1397 2154 1479 2237 ine-j

509 2272 734 2345 dicamentum
758 2296 820 2367 per
841 2271 988 2345 triduum
1013 2270 1124 2347 facies.
1154 2273 1270 2351 Morbi
1298 2296 1469 2370 quoque,

507 2406 600 2481 quos
621 2380 768 2476 superius
788 2380 1067 2470 nominavimus,
1088 2382 1194 2455 amari
1213 2382 1313 2473 sunt,
1334 2384 1373 2455 &
1394 2405 1489 2469 non·

509 2491 569 2564 nili
597 2490 715 2563 amaris
726 2491 937 2588 2potionihus
959 2491 1166 2587 superantur.
1193 2518 1271 2564 nam
1298 2490 1478 2564 contraria·

508 2603 687 2679 contrariis
714 2603 922 2699 potionibus·
941 2618 1101 2676 curantur
1122 2600 1254 2673 ratione
1280 2599 1469 2674 medicinae.
1524 2595 1526 2600 ’

508 2712 657 2808 Ideoque
672 2710 848 2805 pulverem
865 2706 979 2779 herhae
995 2704 1153 2777 absinthii
1168 2705 1402 2779 &crudorum
1417 2706 1468 2777 lu·
1504 2777 1508 2786 ,

509 2820 694 2917 pinorum,
715 2817 826 2887 herbae
846 2840 985 2912 quoque
1003 2833 1191 2886 centaureae
1213 2814 1268 2885 vel
1282 2813 1472 2908 peucedani
1513 2893 1522 2907 ,

511 2925 616 3023 aequis
640 2921 847 3019 ponderibus
867 2920 1043 3021 diligenter
1071 2918 1189 2992 misces
1208 2921 1245 2993 δι
1264 2917 1300 2991 in
1321 2917 1468 2992 sextario
1525 2955 1533 2961 ·

467 3075 470 3081 -
512 3032 588 3114 vini
607 3029 732 3103 veteris
753 3029 840 3102 trina
855 3028 1043 3102 cochlearia
1060 3026 1193 3124 lingulis
1217 3027 1356 3114 diebus,
1373 3026 1471 3108 addi·⁴
1491 3088 1493 3092 .

512 3142 555 3217 tis
577 3140 685 3213 unciis
702 3168 718 3238 3
740 3138 829 3230 olei,
844 3163 905 3235 per
927 3162 967 3211 os
980 3138 1083 3213 dabis.
1102 3136 1247 3210 Praesens
1264 3162 1402 3237 quoque
1417 3163 1490 3211 rev
1553 3193 1556 3197 ι
1597 3228 1600 3233 ι

481 3253 483 3256 ’
512 3251 659 3332 medium
673 3249 1047 3345 experimentavetunt:
1061 3248 1243 3323 radiculam
1259 3249 1373 3322 herbae
1386 3238 1475 3338 con·‚⁴

512 3361 649 3458 siliginis
671 3358 796 3457 (quam
817 3358 874 3430 alii
888 3358 1141 3452 pulmonariam
1158 3374 1307 3445 vocant,
1325 3355 1382 3428 alii
1397 3373 1472 3427 tans

512 3469 651 3541 tundem
669 3466 877 3559 radiculam)
898 3464 1022 3535 sinistra
1043 3490 1143 3537 manu
1162 3485 1239 3536 ante
1257 3483 1370 3537 ortum
1390 3462 1471 3535 solis

515 3575 660 3671 collige,
678 3572 782 3669 (quia
798 3571 844 3643 stc
868 3569 1031 3664 majorem
1054 3572 1127 3644 vim
1141 3572 1262 3651 habere
1275 3569 1470 3669 creditur,)

513 3708 597 3759 tunc
610 3682 651 3753 ad
663 3703 781 3768 acum,
796 3679 853 3751 vel
865 3697 998 3761 acutum
1012 3677 1188 3783 cuprinum
1203 3704 1278 3777 pars
1290 3679 1469 3767 auriculae,

514 3818 592 3892 quae
611 3789 676 3861 lata
697 3787 762 3874 est,
775 3787 865 3885 quali
886 3787 921 3859 in
946 3785 1077 3860 circulo
1092 3785 1260 3883 lignatur,
1276 3790 1469 3882 adpremat·

514 3930 602 4004 que,
618 3920 654 3975 ut
670 3917 768 3998 rupta
781 3915 856 3973 cute
869 3898 992 3971 leviter
1005 3896 1138 4000 sanguis
1149 3918 1255 3972 exeat.
1272 3899 1380 3991 Quod
1392 3909 1471 3971 cum

515 4034 559 4080 ex
580 4027 721 4105 utraque
735 4013 833 4103 parte¹
849 4004 966 4078 feceris
979 4047 994 4097 5
1008 4004 1154 4077 medium
1176 4003 1370 4082 orbiculum
1391 4011 1470 4099 per-

475 4151 493 4176 ·
517 4112 609 4187 foras
621 4115 663 4186 ad
675 4139 791 4201 acum,
809 4113 846 4185 &
858 4110 894 4183 in
907 4114 1027 4185 eodem
1043 4110 1209 4186 foramine
1221 4111 1342 4184 inseres
1353 4137 1362 4183 :
1374 4112 1471 4209 quod

517 4221 576 4292 ubi
597 4220 736 4308 exierit,
757 4220 870 4302 omnis
889 4220 1083 4317 pestilentiae
1097 4219 1191 4295 virus
1203 4246 1262 4318 per
1282 4218 1390 4315 ipsum
1409 4220 1470 4294 de·

517 4329 596 4409 fluit
619 4328 767 4424 vulnus,
787 4330 898 4407 donec
915 4330 974 4405 ille
993 4330 1084 4406 solus
1100 4328 1217 4423 locus,
1238 4326 1298 4427 qui
1318 4327 1468 4428 defigna·
