3875 5759
429 850 434 860 ’
554 896 601 966 ⁶2
674 856 1417 964 en'ntnnttaurttu

554 1050 629 1141 dia',
649 1047 726 1147 q'uae
743 1068 921 1145 antequam
947 1072 1132 1144 ponamus,
1151 1048 1257 1156 pridie
1275 1048 1380 1121 mulsa
1401 1066 1512 1148 aqua,

552 1162 601 1233 ita
614 1178 651 1233 ut
666 1180 714 1231 ne·
724 1158 846 1245 nimis,
866 1163 1090 1247 maceremus,
1111 1181 1153 1228 ne
1175 1183 1312 1256 germen
1326 1157 1512 1256 exstinguat

554 1295 597 1342 ex
612 1269 722 1341 multo
737 1269 836 1370 melle
854 1267 1069 1341 mordacitas.
1087 1266 1155 1342 Alii
1168 1268 1260 1363 prius
1278 1267 1361 1340 limo
1378 1266 1513 1364 liquido

552 1379 772 1477 pertriduum
790 1404 892 1453 nuces
908 1405 962 1452 eas
977 1397 1147 1452 macerant
1160 1406 1168 1452 :
1183 1378 1303 1451 deinde
1319 1377 1373 1450 die
1393 1380 1432 1450 δι
1446 1402 1514 1450 no·

513 1571 516 1578 ,
552 1494 604 1565 ete
624 1492 688 1563 elle
715 1490 887 1588 patiuntur
908 1491 944 1562 in
969 1489 1091 1579 mulla,
1111 1490 1167 1562 sed
1187 1515 1263 1587 quae
1289 1490 1532 1585 suspicionem

551 1620 681 1674 tantum
702 1600 802 1696 poffit
823 1600 945 1672 babere
962 1599 1159 1673 dulcedinis.
1178 1601 1268 1671 Cum
1282 1599 1317 1671 in
1333 1600 1514 1688 seminario

436 1726 438 1730 ’
552 1711 728 1808 amygdala
750 1709 1023 1803 disponimu5,s1
1050 1708 1178 1784 ficclta's
1199 1706 1449 1796 intercefferit,
1464 1722 1516 1779 tet

475 1844 481 1857 ·
534 1819 589 1894 ,in
612 1821 722 1892 mense
748 1822 915 1919 rigemus,
938 1823 977 1896 δι
1002 1813 1113 1892 herbis
1134 1817 1344 1891 nascentibus
1368 1818 1521 1889 circum-²

551 1933 715 2005 fodiendo
737 1934 822 2026 sape
837 1926 1028 2029 purgen'tus.
1052 1933 1159 2003 Terra
1177 1930 1342 2003 seminarii
1358 1930 1513 2002 laetamen

550 2045 784 2117 haberedebet
798 2044 993 2115 admixtum.
1009 2045 1119 2139 Spatia
1141 2043 1229 2115 inter
1240 2043 1381 2136 arbores
1389 2038 1513 2136 viginti

480 2171 483 2177 ’
551 2175 612 2227 aut
623 2153 896 2249 vigintiquinque
909 2153 1032 2247 pedum
1052 2152 1173 2224 dedille
1188 2151 1340 2225 sufficiat.
1352 2149 1514 2222 Putandae

551 2261 626 2334 sunt
641 2262 833 2333 Novembri
848 2262 978 2348 mense,
990 2281 1030 2332 ut
1047 2254 1264 2357 superflua&
1278 2260 1368 2332 arida
1381 2261 1420 2333 δι
1433 2249 1514 2331 den·

551 2370 584 2442 sa
602 2371 774 2445 tollamus.
796 2372 979 2443 Servanda
994 2371 1069 2442 sunt
1090 2396 1109 2441 a
1125 2393 1269 2465 pecore;
1286 2368 1385 2466 quia,
1405 2368 1429 2438 st
1452 2391 1514 2443 r0·.

552 2459 694 2566 dantur,
710 2479 928 2552 amarescunt.
946 2477 1161 2549 Circumfodi
1178 2502 1251 2549 non
1265 2478 1514 2573 debent,quo·'

552 2586 616 2657 ties
631 2584 779 2672 florent,
792 2584 872 2683 quia
891 2585 970 2657 inde
984 2583 1050 2656 flos
1067 2584 1138 2680 ejus
1155 2584 1343 2657 excutitur-s·
1360 2589 1396 2656 ln
1412 2604 1514 2655 vetu-

552 2694 634 2768 llate
654 2694 731 2790 plus
745 2693 852 2768 affert,
870 2696 906 2767 Si
925 2693 1020 2767 ferax
1035 2718 1107 2765 non
1124 2694 1190 2782 est,
1204 2694 1289 2767 tedae
1303 2715 1445 2767 cuneum
1461 2712 1514 2764 te·

551 2799 683 2877 rebrata
697 2801 808 2879 radice
822 2823 1012 2899 mergamus
1018 2802 1103 2890 ,vel
1113 2801 1237 2874 silicem
1252 2802 1299 2875 sic
1312 2800 1513 2899 inseramus,

551 2934 589 2987 ut
604 2913 695 2987 libro
713 2933 844 3010 tegente
859 2913 1042 2985 claudatur.
1059 2911 1161 2986 Locis
1175 2910 1322 3011 frigidis,
1334 2911 1392 2984 ubi
1404 2932 1513 2984 metus

480 3075 488 3090 s
550 3022 600 3095 est
618 3024 659 3093 de
681 3021 822 3115 pruina,
838 3020 1002 3091 Martialis
1024 3020 1105 3094 dicit
1125 3021 1367 3096 hoc'rem'edio
1389 3022 1514 3094 subve-

552 3129 641 3202 niri:
658 3132 848 3224 Antequam
870 3126 1015 3199 floreant
1026 3182 1037 3218 ,
1050 3130 1179 3203 radices
1191 3130 1380 3217 nudantur,
1395 3128 1513 3202 &albi

552 3235 678 3331 lapides
699 3233 927 3323 minutiffirni,
941 3234 1041 3306 mixti
1056 3238 1185 3326 arenis,
1205 3254 1456 3332 congeruntur,
1472 3241 1513 3310 δε

529 3440 532 3449 ἱ
552 3343 613 3417 ubi
634 3342 699 3438 jam
721 3360 854 3439 tempus
875 3342 1068 3431 videbitur,
1084 3362 1122 3415 ut
1140 3344 1281 3424 debeant
1301 3343 1513 3440 germinare,

552 3448 661 3524 effoffi
679 3449 799 3522 iterum
814 3448 939 3546 lapides
961 3451 1388 3527 submoventur.‘.·Teneras
1407 3478 1513 3526 nuces

553 3560 750 3659 amygdalus
771 3560 917 3651 creabit,
932 3578 971 3632 ut
988 3561 1088 3651 dicit,
1106 3561 1132 3648 st
1151 3580 1231 3634 -ante
1248 3561 1368 3636 florem
1388 3565 1513 3637 radici·

394 3713 400 3738 ,
472 3742 476 3754 ,
552 3671 616 3744 bus
631 3670 833 3768 ablaqueatis
847 3695 905 3767 per
920 3670 990 3744 dies
1003 3672 1261 3767 aliquot-calida
1275 3698 1362 3768 aqua
1378 3674 1513 3770 ingera-

551 3803 618 3857 tut.
645 3786 698 3855 Ex
714 3780 834 3854 amaris
855 3781 969 3854 dulces
987 3780 1139 3871 fiunt,sr
1162 3781 1382 3856 circumfosso
1402 3784 1513 3878 stipite

551 3894 659 3967 tribus
680 3892 791 3988 digitis
801 3917 828 3976 ‚a
842 3891 953 3966 radice
973 3891 1032 3965 fiat
1053 3917 1223 3983 caverna,
1242 3918 1303 3989 per
1323 3916 1421 3989 quam
1443 3916 1512 3971 no-

490 4088 492 4092 ·
552 4003 648 4076 xium
667 4000 806 4073 desudet
823 4001 1020 4090 humorem,
1035 4002 1092 4077 vel
1112 4004 1243 4076 medius
1261 4023 1398 4075 truncus
1419 4018 1511 4072 tere·

552 4115 689 4201 bretur,
703 4115 742 4186 δι
763 4136 891 4185 cuneus
910 4112 995 4210 ligni
1012 4111 1111 4184 melle
1130 4114 1256 4185 oblitus
1273 4112 1510 4206 imprimatur3

532 4294 535 4298 .
553 4221 610 4293 vel
622 4220 674 4315 [fi]
685 4219 776 4295 eirca
789 4219 914 4291 radices
927 4219 1060 4292 suillum
1072 4220 1195 4295 stercus
1206 4219 1367 4295 affundas.
1379 4224 1511 4318 Amyg-

478 4426 481 4430 q
553 4327 633 4408 lali
643 4330 686 4407 ad
708 4329 886 4432 legendum
901 4330 1127 4416 maturitatem
1134 4332 1322 4428 -rfatentur·,·
1339 4358 1417 4411 curn
1434 4330 1511 4414 fue·⁴
