3875 5759
546 765 1423 913 ueo'natttnri'nurrnrr

553 1004 653 1053 cere:
673 1001 815 1076 quarum
839 1004 983 1074 pugnam
1004 978 1190 1071 compescit
1215 978 1346 1074 pulvim
1361 996 1418 1050 aut
1432 977 1520 1048 mul-¹

552 1088 599 1161 sae
616 1113 713 1183 aquae
737 1085 845 1158 imber
865 1085 1023 1180 aspersus.
1047 1087 1131 1157 inest
1151 1088 1199 1158 illi
1223 1089 1264 1158 ad
1285 1086 1427 1185 originis
1452 1088 1519 1158 suae

551 1199 770 1300 reparandam
783 1199 1026 1287 concordiam,
1041 1199 1149 1272 dulcis
1162 1199 1350 1272 audioritas.
1364 1200 1427 1270 Sed
1441 1224 1519 1271 cum

552 1307 588 1379 se
608 1309 743 1405 agmina
764 1308 807 1380 src
829 1330 968 1401 pacata,
988 1310 1022 1381 in
1049 1322 1148 1380 'ramo
1172 1328 1231 1381 aut
1254 1310 1337 1381 loco
1361 1335 1521 1406 quocun·

542 1439 621 1510 ,que
642 1415 872 1511 suspenderint
885 1418 933 1505 ,sr
953 1419 1054 1490 unius
1068 1418 1177 1491 uberis
1198 1419 1377 1491 eduslione
1393 1420 1521 1515 pende·

552 1525 666 1611 bunt,
689 1526 784 1598 noris
808 1546 994 1600 autunum
1017 1552 1128 1625 regem
1153 1514 1217 1599 else
1243 1527 1438 1616 universrs,
1461 1544 1520 1599 aut

552 1633 783 1706 reconciliatis
802 1636 961 1707 omnibus
977 1660 1112 1707 manere
1127 1635 1361 1709 concordiam.
1386 1635 1410 1705 fi
1433 1659 1520 1707 vero

551 1738 626 1811 duo
646 1741 703 1813 vel
726 1742 823 1837 plura
844 1745 946 1825 ubera
967 1743 1168 1841 suspendens
1183 1734 1219 1816 se'
1236 1743 1384 1840 populus
1407 1742 1521 1812 imira-

489 1924 492 1930 ,
553 1866 629 1938 tur,
645 1851 866 1925 &discordes
881 1853 976 1942 sunt,
995 1856 1033 1927 δι
1048 1873 1101 1927 tot
1116 1879 1209 1952 reges
1229 1853 1309 1941 esse,
1324 1870 1410 1947 quot
1426 1853 1522 1923 velut

552 1958 659 2033 ubera
680 1962 825 2051 videris,
840 1962 1057 2038 confitentur.
1080 1965 1150 2037 Ubi
1175 1965 1298 2062 globos
1317 1961 1428 2056 apium
1452 1960 1521 2031 sre-

553 2069 754 2166 quentiores
770 2072 914 2159 videris,
930 2075 1030 2145 unda
1045 2066 1153 2145 manu'
1164 2071 1266 2144 succo
1280 2063 1523 2164 melissophylli

555 2175 616 2249 vel
637 2176 726 2272 apii,
748 2202 841 2273 reges
863 2181 1026 2274 requiras.
1053 2180 1127 2250 sunt
1151 2200 1262 2252 autem
1287 2180 1390 2276 paulo
1412 2174 1523 2266 majo-

554 2309 635 2374 res,
656 2287 694 2357 δι
716 2285 859 2381 oblongi
881 2287 1004 2383 magis,
1020 2312 1119 2383 quam
1142 2307 1262 2359 ceterae
1281 2313 1380 2384 apes,
1397 2288 1523 2358 redio⁴

555 2394 651 2468 ribus
676 2395 856 2482 cruribus,
881 2422 992 2491 neque
1013 2399 1194 2493 grandibus
1214 2395 1361 2491 pennis,
1388 2393 1525 2490 pulchri

556 2504 688 2580 coloris
704 2507 740 2577 δι
755 2505 874 2594 nitidi,
893 2505 987 2576 leves
1004 2503 1070 2573 sme
1093 2503 1165 2598 pilo
1179 2557 1188 2588 ,
1200 2503 1259 2573 nisr
1283 2501 1372 2573 sorte
1390 2499 1526 2595 plenio-

555 2640 613 2689 res
626 2615 717 2711 quast
732 2616 888 2710 capillum
903 2635 1023 2711 gerunt
1036 2616 1070 2686 in
1086 2593 1223 2699 ventre,
1237 2638 1307 2710 quo
1323 2631 1435 2684 tamen
1451 2636 1524 2681 non

557 2746 699 2799 utuntur
719 2728 762 2798 ad
790 2729 924 2800 vulnus.
954 2728 1031 2798 sunt
1058 2729 1114 2798 alii
1143 2725 1225 2799 fusci
1253 2747 1352 2820 arque
1377 2723 1523 2811 hirsuti,

448 2916 450 2919 ,
556 2862 646 2934 quos
667 2857 807 2928 oportet
833 2836 1023 2933 exstingui,
1047 2837 1085 2908 δι
1112 2834 1348 2930 pulchriorem*
1366 2833 1524 2928 relinqui.

555 2950 618 3045 qui
641 2951 665 3020 sr
687 2949 882 3046 frequenter
910 2971 1052 3043 vagatur
1075 2973 1152 3019 cum
1176 2945 1413 3033 examinibus,
1432 2945 1525 3025 erse·⁴

558 3055 621 3126 elis
633 3053 694 3126 alis
707 3055 897 3125 reservetur
910 3079 919 3121 ε
933 3053 1000 3125 hoc
1015 3053 1104 3130 enim
1125 3070 1281 3124 manente
1303 3054 1394 3125 nulla
1415 3052 1524 3124 disce·

558 3165 628 3236 det.
649 3162 756 3234 Sedsr
780 3161 871 3233 nulla
900 3160 1073 3233 nascantur
1092 3162 1268 3250 examina,
1293 3164 1438 3235 duorum
1469 3163 1526 3234 vel

558 3271 664 3344 trium
680 3271 897 3344 vasculorum
919 3271 1171 3343 multitudinem
1187 3272 1222 3342 in
1239 3298 1343 3343 unum
1370 3271 1527 3346 conferre

465 3453 467 3458 ,
558 3380 733 3479 possumus
746 3407 755 3450 :
770 3379 861 3452 dulci
874 3398 986 3453 tamen
1007 3379 1141 3477 liquore
1155 3378 1348 3476 conspersas
1365 3406 1455 3477 apes,
1471 3401 1525 3453 at·

558 3516 627 3592 que
648 3490 813 3580 inclusas,
828 3514 888 3587 per
908 3490 1059 3563 triduum
1081 3490 1289 3577 tenebimus,
1304 3492 1460 3587 apposno
1474 3491 1525 3564 ci·

558 3604 609 3676 bo
631 3600 759 3687 mellis,
775 3603 814 3674 &
832 3602 952 3700 exigua
967 3620 1098 3675 tantum
1109 3599 1277 3697 spiracula
1298 3603 1526 3699 relinquemus

558 3712 596 3786 in
618 3711 714 3818 cella.
728 3711 838 3802 Quod
859 3711 883 3782 st
906 3713 991 3783 velis
1006 3710 1189 3787 alvearium
1203 3761 1215 3799 ,
1229 3712 1285 3782 cni
1301 3717 1360 3808 per
1381 3713 1526 3808 aliquam

517 3813 520 3821 ’
559 3821 695 3919 pestem·
709 3820 893 3893 multitudo
917 3820 1077 3893 subduda
1099 3819 1166 3904 est,
1188 3821 1308 3917 populi
1337 3820 1526 3915 adjeslione

559 3955 735 4027 reparare,
750 3930 975 4004 considerabis
988 3932 1023 4003 in
1040 3929 1114 4003 aliis
1136 3931 1410 4019 abundantibus,
1433 3956 1525 4004 ceras

560 4040 724 4114 favorum
747 4044 786 4115 δι
807 4028 1059 4129 extremitates,
1085 4065 1160 4137 quae
1183 4040 1296 4136 pullos
1313 4041 1463 4129 habent,
1486 4045 1526 4118 ὃ(

494 4155 497 4161 ’
559 4150 620 4222 ubi
642 4150 769 4248 signum
788 4150 954 4222 nascituri
972 4150 1058 4247 regis
1080 4148 1278 4237 inveneris,
1301 4173 1377 4220 cum
1403 4148 1524 4221 sobole

558 4256 615 4334 sua
637 4261 785 4353 recides,
804 4263 842 4336 &
867 4260 902 4333 in
925 4259 961 4333 id
981 4257 1165 4335 alvearium
1186 4282 1306 4356 pones.
1329 4257 1387 4335 Est
1411 4278 1523 4334 autem
