3875 5759
477 901 548 1004 296
656 898 1164 977 vecerrrrrss.
1211 885 1261 978 1'1.

476 1063 655 1163 adjunges,
668 1041 779 1133 donec
799 1060 842 1131 ad
858 1056 1028 1154 pristinam
1042 1059 1316 1135 consuetudinem
1330 1079 1435 1138 revo³

475 1192 581 1249 cetur.
612 1166 810 1270 Insanabiles
845 1168 1054 1242 valetudines
1089 1169 1194 1268 cyclo
1227 1172 1436 1246 affirmantur

435 1330 438 1338 ι
475 1284 570 1384 posse
584 1278 711 1365 curari,
728 1277 764 1350 id
777 1276 845 1367 esl,
859 1275 964 1350 inhni
977 1270 1207 1353 corroborari.
1229 1284 1356 1357 Caduci
1370 1310 1436 1383 cy·

476 1389 535 1471 do
547 1387 652 1466 curati
667 1404 810 1459 uruntur
823 1385 857 1464 in
871 1387 1002 1482 capite:
1019 1387 1167 1462 morbidi
1188 1416 1291 1478 vero,
1307 1392 1436 1492 dysen-

476 1494 592 1587 te‘rici,
612 1495 834 1595 coriaginoli,
852 1496 1097 1594 orthopnoici,
1118 1497 1309 1599 strophosi,
1330 1500 1443 1601 cyclo·

475 1628 639 1689 curentur
659 1607 694 1681 in
715 1607 863 1683 renibus.

524 1719 596 1796 Vll.
618 1721 801 1797 Cerebrum
830 1720 1028 1820 plerumque
1060 1713 1205 1796 diversis*
1230 1724 1440 1820 passionibus

477 1849 738 1922 commovetur,
756 1831 850 1930 quod
863 1830 917 1904 his
934 1829 1196 1927 deprehenditur
1215 1829 1336 1927 signis:
1352 1837 1442 1904 Am·

478 1942 609 2035 bulabit
626 1966 770 2040 pravus,
787 1943 826 2017 δι
843 1940 1038 2042 frequenter
1057 1939 1226 2029 offendet,
1246 1943 1284 2015 δι
1304 1961 1381 2013 toto
1405 1943 1442 2015 se

479 2075 628 2148 corpore
649 2068 861 2126 commovet.
884 2047 990 2145 Cujus
1004 2047 1064 2121 isla
1084 2049 1215 2123 curatio
1233 2049 1299 2122 esl:
1316 2052 1445 2123 Baccas

479 2161 728 2236 laurinumero
741 2179 817 2248 xx,
837 2156 918 2229 nitri
938 2156 1108 2247 selibram,
1121 2175 1205 2230 rutae
1218 2157 1446 2252 manipulum:

405 2275 409 2294 '
479 2296 559 2370 quae
580 2258 698 2342 omnia
718 2267 896 2366 diligenter
915 2264 1017 2357 trita,
1036 2289 1112 2340 cum
1133 2285 1232 2340 aceto
1256 2291 1328 2339 non
1349 2266 1446 2359 acri,

481 2380 522 2466 δι
542 2375 624 2451 oleo
644 2374 778 2474 optimo
800 2373 940 2448 rosaceo
958 2373 1168 2465 commixta,
1190 2374 1299 2446 hieme
1320 2377 1446 2450 calefa-

483 2487 577 2577 cies,
597 2486 831 2583 perunsloque
850 2483 932 2557 oleo
948 2481 1057 2580 capite
1070 2481 1141 2577 ejus
1155 2486 1191 2556 δι
1206 2487 1371 2577 cerebro,
1388 2488 1445 2559 vel

483 2585 642 2672 auriculis
655 2585 857 2671 cerebellum
868 2593 910 2666 de
925 2592 1033 2667 lanata
1046 2591 1132 2688 pelle
1149 2594 1346 2668 convolvis.
1357 2599 1447 2689 Quae

484 2705 508 2780 fi
532 2705 621 2779 sorte
639 2693 985 2808 defuerint,sarinam
997 2701 1217 2776 hordeaceam
1237 2702 1450 2803 resinamque

485 2811 669 2905 miscebis,
694 2837 739 2887 ex
766 2838 838 2913 quo
865 2812 1062 2910 cataplasma
1089 2811 1280 2886 consessum
1307 2815 1448 2890 cerebro

487 2942 627 3020 oportet
641 2922 784 3019 imponi.
802 2926 963 2997 Praeterea
978 2947 1087 2998 ceram
1103 2922 1185 2997 oleo
1199 2924 1348 3022 cyprino
1364 2952 1450 2999 con·

475 3029 598 3127 jungis
610 3082 623 3119 ,
636 3034 677 3109 ,δι
697 3030 843 3109 linteolo
863 3032 952 3103 inter
975 3032 1141 3105 auriculas
1158 3034 1198 3105 ad
1221 3034 1328 3106 ceroti
1349 3034 1449 3107 instar

488 3135 651 3231 imponis.
669 3138 735 3209 Sed
754 3141 794 3230 ὃς
812 3138 979 3233 reliquum
996 3163 1120 3234 corpus
1142 3140 1340 3236 potionibus
1356 3144 1450 3216 refo-

487 3246 643 3322 vendum
661 3243 719 3320 est
733 3247 819 3319 Tres
832 3243 1014 3320 fluviatiles
1031 3273 1172 3323 cancros
1195 3271 1352 3328 conteres
1376 3254 1451 3328 dili·

489 3377 627 3461 genter,
641 3363 680 3436 δι
693 3387 770 3437 cum
783 3360 912 3434 duabus
927 3360 1037 3436 urlciir
1053 3362 1142 3438 succi
1153 3365 1317 3449 caulium,
1333 3369 1451 3440 addito

489 3467 586 3544 laslis
604 3467 774 3560 sextario,
791 3467 860 3541 olei
876 3469 1011 3544 duobus
1029 3461 1188 3571 cyathis,
1212 3474 1451 3569 permiscebis,

478 3568 530 3653 ἃ
551 3576 700 3650 colatum
721 3599 781 3671 pet
806 3601 846 3651 os
869 3575 1033 3651 diffundes
1046 3579 1086 3650 ad
1102 3602 1222 3653 cornu.
1246 3582 1404 3672 Quorum
1427 3581 1453 3656 fi

454 3721 462 3732 ·
491 3682 610 3781 inopia
630 3680 697 3775 ess,
712 3682 820 3760 mellis
834 3686 977 3786 cyathos
991 3686 1079 3760 duos
1090 3721 1104 3776 ‚·
1118 3712 1218 3783 aquae
1235 3688 1354 3761 calidae
1379 3690 1454 3763 sex·

494 3793 617 3867 tarium
644 3819 677 3881 1,
699 3793 844 3892 coquito
858 3821 868 3869 t
882 3818 926 3868 ex
947 3792 1068 3892 quibus
1090 3792 1237 3889 pastillos
1262 3794 1388 3888 facies,
1414 3800 1454 3872 &

492 3901 529 3975 in
551 3928 636 4001 aqua
653 3901 772 4001 frigida
785 3904 910 3994 dilues,
925 3902 1068 3979 &dabis
1087 3902 1122 3975 in
1144 3923 1274 4000 potum.
1288 3907 1455 3979 Praeterea

374 4093 376 4098 ,
493 4012 654 4088 fihieme
679 4013 874 4108 curaveris,
894 4012 1036 4087 sa'rinam
1057 4013 1220 4090 triticeam
1233 4040 1245 4102 ;
1269 4013 1294 4087 sr
1317 4012 1455 4107 aeslate,

495 4125 743 4217 hordeaceam,
762 4151 857 4224 aquae
886 4123 1014 4222 frigida
1035 4123 1227 4201 adinvicem
1251 4124 1354 4197 amuli
1378 4152 1456 4224 per·

497 4230 655 4325 mixtam,
671 4234 709 4307 in
729 4235 874 4333 potione
894 4232 1068 4333 prebebis.

558 4342 648 4423 ‚VllL
670 4344 727 4421 De
749 4342 870 4445 capitis
897 4340 1020 4419 dolore
1044 4340 1142 4418 multi
1166 4341 1318 4417 audiores
1347 4342 1458 4418 multa
