3875 5759
566 918 644 1022 ''306
754 907 1088 985 vacem
1137 908 1265 982 atu.
1314 912 1438 986 ru·

571 1095 640 1149 tem
651 1074 794 1147 humore
804 1069 861 1143 vel
875 1066 1032 1144 lacrimis.
1045 1067 1226 1141 Continuo
1240 1067 1429 1166 sanguinem
1441 1068 1475 1144 ei
1490 1071 1536 1145 de

568 1186 763 1280 supercilio,
774 1177 831 1251 vel
843 1178 884 1251 de
896 1176 964 1273 ipsa
978 1199 1070 1275 parte
1083 1197 1276 1275 temporum
1289 1180 1459 1267 detrahes,
1471 1181 1532 1254 fo·

568 1294 734 1375 mentabis
750 1315 793 1364 ex
817 1287 931 1383 tepida
951 1303 1059 1383 aqua',
1074 1287 1110 1361 in
1131 1313 1199 1386 qua
1214 1290 1343 1364 radices
1369 1288 1533 1367 foeniculi

568 1401 718 1479 δέεσθε
737 1394 954 1471 suerintcum
977 1413 1063 1469 ruta.
1077 1400 1239 1473 Praeterea
1258 1398 1400 1499 inunges
1411 1401 1531 1502 colly-

567 1512 623 1587 rio
645 1503 842 1603 opopanato
861 1503 899 1577 δι
922 1499 1192 1597 opobalsamato.
1212 1507 1358 1599 Quodsi
1373 1507 1533 1583 institeris

564 1617 766 1707 medicine,
778 1638 838 1713 per
849 1611 1060 1687 lacrimarum
1074 1615 1206 1688 cursum
1219 1617 1400 1693 consuevit
1414 1619 1535 1717 saepius

564 1734 680 1831 caligo
699 1726 817 1802 sanari.
842 1723 1064 1821 Temporales
1083 1723 1223 1823 quoque
1249 1751 1346 1801 venae
1373 1731 1535 1805 cauteriis

401 1837 411 1850 ’
480 1919 483 1928 ,
564 1846 774 1926 inuruntur,
795 1840 832 1914 &
852 1853 998 1909 meatum
1016 1834 1169 1908 humoris
1187 1836 1384 1911 excludunt.

611 1953 738 2027 XVII.
765 1947 873 2044 Quod
898 1945 922 2018 st
946 1942 1001 2018 vss
1027 1942 1185 2041 paffionis
1214 1944 1364 2018 intulerit
1383 1939 1536 2022 'cicatri-

568 2087 643 2138 cem
655 2113 669 2149 ,
681 2057 858 2153 diligenter
877 2052 1116 2147 attende,quo
1132 2048 1251 2124 colore
1263 2051 1301 2123 sat
1314 2054 1536 2146 membrana,

566 2196 647 2267 quae
669 2163 820 2261 appofita
840 2159 977 2257 pupillae
989 2159 1132 2253 impedit
1150 2157 1259 2232 visum
1273 2160 1317 2234 :st
1334 2162 1455 2235 auroso
1472 2191 1535 2239 co·

511 2283 516 2298 ‘
565 2261 644 2349 lore
665 2270 790 2354 fuerit,
807 2266 1022 2339 insanabilem
1037 2265 1141 2340 scias:
1166 2266 1343 2342 ficandida
1365 2270 1534 2366 nimium,

567 2385 670 2460 ctiam
693 2376 832 2453 noveris
845 2372 1030 2472 uon‘polie
1044 2400 1161 2450 curare
1175 2375 1289 2472 ipsam.
1307 2378 1340 2450 Si
1353 2405 1440 2453 vero
1455 2383 1534 2480 spii:

568 2496 605 2572 sa
625 2490 749 2581 fuerit,
771 2487 890 2588 colore
903 2484 1083 2583 oleagino,
1097 2510 1201 2560 muco
1215 2483 1347 2576 fimilis,
1362 2514 1422 2584 per
1436 2513 1534 2587 para-

568 2602 718 2686 centetin
729 2600 771 2673 ad
783 2596 962 2671 hominum
975 2593 1243 2682 similitudinem,
1254 2620 1333 2668 cum
1348 2595 1451 2672 fuerit
1465 2626 1533 2678 ma.

566 2733 704 2805 tutata,
718 2726 862 2785 curatur.
879 2708 1069 2781 iumentum
1085 2703 1186 2808 igitur
1203 2703 1311 2801 pridie
1330 2712 1533 2804 temperabis

567 2855 592 2903 a
606 2826 705 2916 cibo,
719 2822 775 2896 vel
791 2840 875 2917 potu
897 2815 1044 2891 maxime
1058 2814 1274 2913 prohibebis,
1288 2817 1322 2888 in
1339 2818 1421 2891 loco
1433 2825 1531 2898 molli

568 2938 702 3023 elides,
722 2948 889 3025 caputque
906 2926 976 3020 ejus
995 2928 1031 2998 δι
1054 2925 1222 2999 cervicem
1239 2946 1316 3021 apte
1336 2929 1533 3009 collocabis.

568 3038 620 3119 ita
639 3058 806 3137 patentem
824 3036 962 3108 oculum
979 3034 1102 3143 facies,
1116 3053 1154 3105 ut
1167 3036 1322 3107 claudere
1338 3064 1407 3111 non
1422 3046 1532 3137 poffir.

567 3153 693 3227 ‚deinde
718 3147 761 3221 ab
781 3145 850 3240 ipsa
869 3143 983 3215 fronte
1003 3146 1268 3236 paracenterium
1289 3148 1375 3219 inter
1402 3153 1530 3229 tunicas

569 3261 728 3337 oculares
746 3253 925 3348 subjicito,
942 3278 983 3325 ne
999 3254 1160 3349 pupillam
1175 3274 1314 3351 tangas,
1329 3283 1385 3331 aut
1403 3262 1544 3362 aliquid

568 3370 672 3445 ladas
690 3363 850 3448 interius,
864 3363 918 3434 sed
936 3360 1041 3457 ipsum
1064 3362 1176 3437 album
1202 3365 1243 3435 de
1264 3366 1428 3462 superiori
1452 3397 1531 3467 par·

417 3447 419 3454 ¹
492 3547 494 3552 .
570 3502 625 3571 te,
641 3480 698 3553 ubi
712 3473 922 3577 hypochysts
936 3473 1044 3570 posita
1056 3474 1121 3565 est,
1135 3476 1294 3573 'capitello
1309 3484 1531 3575 paracenterii

568 3588 730 3672 deorsum
750 3583 909 3685 deprimis
933 3584 976 3657 ad
996 3584 1190 3681 palpebram
1206 3586 1402 3662 inferiorem
1428 3592 1529 3667 subti-

569 3702 659 3776 liter.
677 3696 818 3792 Quodsr
832 3695 1019 3791 depositum
1033 3695 1159 3784 fuerit,
1176 3721 1247 3768 non
1261 3698 1353 3794 prius
1368 3727 1528 3797 paracen-

428 3811 432 3818 ’
500 3877 508 3884 .
567 3810 691 3885 terium
709 3805 932 3896 eximas,nis1
950 3805 1095 3880 clausum
1119 3805 1258 3879 oculum
1280 3810 1452 3905 penicello
1473 3840 1530 3887 ca·

567 3921 643 3993 lido
677 3916 856 3990 diutiffime
890 3913 1122 4011 vaporavetis.
1156 3914 1241 3990 solet
1271 3920 1361 3991 euim
1388 3922 1527 3997 refilire.

568 4027 716 4123 Quodsi
730 4026 775 4097 ita
791 4024 967 4113 evenerit,
985 4022 1179 4119 reprimito‚
1198 4027 1308 4098 donec
1323 4028 1368 4100 ita
1385 4055 1530 4128 compo·

567 4158 693 4223 natur,
706 4152 743 4205 ut
761 4132 882 4204 refilire
898 4159 969 4204 non
989 4132 1099 4229 possit.
1120 4136 1207 4207 Cum
1222 4136 1333 4230 itaque
1348 4138 1530 4215 intellexe-
1571 4203 1577 4216 .

567 4243 614 4313 ris
630 4241 810 4312 claritatem
826 4239 962 4334 pupillae
979 4240 1045 4312 fine
1060 4239 1133 4311 ullo
1148 4241 1323 4314 obstaculo
1337 4244 1528 4347 hypochy-

570 4350 633 4443 sis,
652 4375 733 4428 tunc
751 4349 878 4428 eximes
897 4347 1045 4447 ferrum,
1062 4354 1100 4429 δι
1117 4353 1272 4437 iuvenies
1285 4355 1409 4437 artimal
1431 4360 1529 4442 vide·
