3875 5759
484 949 534 1048 ’με
604 926 1346 1027 rttttntttu'rtttt
1430 999 1433 1004 -

484 1106 614 1182 radices
627 1105 737 1181 aestate
753 1108 841 1181 sitire
855 1132 926 1181 uon
941 1108 1084 1210 patitur.¹
1094 1087 1175 1181 ltem
1192 1109 1290 1199 loca,
1310 1110 1351 1181 ad
1365 1128 1447 1207 quae

482 1215 525 1287 de
539 1216 772 1290 cacuminibus
790 1238 877 1291 terra
890 1218 1059 1307 decurrit,
1074 1219 1131 1292 vel
1149 1220 1269 1306 valles,
1283 1243 1365 1316 quas
1376 1217 1444 1290 flu·

481 1322 612 1398 minum
627 1324 784 1400 saturabit
794 1328 941 1426 aggestio
954 1353 964 1401 t
978 1328 1034 1403 sed
1053 1329 1122 1402 hoc
1134 1328 1170 1400 in
1191 1328 1232 1401 iis
1243 1328 1351 1416 locis,
1365 1354 1443 1423 quae

483 1430 562 1527 gelu
582 1432 620 1505 δι
641 1434 772 1508 nebulis
792 1436 909 1509 insesla
930 1436 995 1510 esse
1018 1460 1091 1509 non
1114 1436 1261 1534 possunt.
1280 1434 1444 1533 Argillosa

456 1621 458 1636 Ε
483 1559 573 1613 terra
593 1544 776 1619 commoda
797 1545 990 1644 esl,argilla
1003 1564 1114 1619 autem
1135 1546 1204 1618 sola
1217 1543 1445 1644 graviterini·
1493 1623 1495 1628 ¹

481 1647 593 1738 mica,
608 1652 646 1725 &
667 1668 795 1745 cetera,
808 1680 887 1753 quae
904 1654 939 1726 in
956 1654 1166 1752 generalibus
1182 1654 1266 1727 dixi.
1291 1673 1367 1726 nam
1388 1652 1444 1725 lo·

481 1780 563 1845 cus,
576 1757 635 1854 qui
650 1757 767 1833 misera
782 1761 927 1859 virgulta
940 1761 1156 1857 produxerit,
1169 1762 1225 1833 vel
1237 1757 1447 1856 uliginosus,

484 1861 544 1938 'uel
554 1855 681 1955 salsus,
696 1867 754 1939 vet
767 1857 918 1959 amarus,
931 1869 987 1941 vel
1005 1868 1196 1943 siticulosus
1208 1868 1369 1941 &aridus
1381 1893 1444 1963 ap-

354 1992 361 2002 “
482 1978 658 2073 probatur.
677 1979 773 2077 niger
793 1980 909 2054 sabulo
927 1980 1105 2054 &rubeus
1126 1979 1215 2053 utilis
1231 1978 1277 2051 est
1289 2031 1300 2067 ,
1313 1977 1368 2050 sed
1388 1976 1445 2050 cui

466 2081 584 2159 ,sortis
600 2107 688 2158 terra
711 2088 875 2182 permixta
888 2087 945 2160 est.
965 2088 1214 2175 carbunculus,
1234 2086 1295 2160 nist
1318 2086 1445 2159 sterco-

452 2238 454 2242 -
483 2212 595 2280 retur,
618 2218 746 2266 macras
773 2195 891 2267 vineas
916 2196 1038 2268 reddit.
1059 2197 1095 2272 in
1116 2197 1252 2271 rubrica
1274 2194 1444 2269 difficilius

483 2300 804 2395 comprehendunt,
825 2303 982 2398 quamvis
1011 2303 1128 2399 postea
1157 2305 1355 2378 nutriantur.
1388 2304 1444 2376 sed

483 2410 552 2485 hoc
569 2433 673 2510 genus
690 2430 787 2483 terrae
802 2412 964 2507 operibus
977 2412 1151 2487 inimicum
1164 2413 1229 2503 est,
1245 2414 1322 2512 quia
1335 2436 1443 2510 parvo

482 2525 539 2599 vel
556 2525 698 2596 humore
716 2522 772 2595 rel
787 2523 857 2596 sole
872 2523 971 2618 nimis
982 2525 1140 2598 madescit
1157 2548 1215 2607 aut
1228 2526 1312 2599 dura
1323 2526 1379 2599 est.
1399 2529 1444 2599 Ar
1484 2582 1487 2598 .

481 2634 628 2706 maxime
652 2632 734 2705 utile
751 2626 860 2706 solum
879 2631 949 2720 est,
964 2634 1059 2729 quod
1077 2633 1165 2708 inter
1184 2658 1303 2707 omnes
1325 2633 1445 2705 nimie·

482 2762 567 2844 tates
587 2760 888 2841 temperamentum
908 2742 1053 2831 tenebit,
1072 2745 1113 2818 δι
1136 2767 1214 2817 raro
1234 2742 1446 2839 proximum,

472 2876 583 2951 quam
599 2851 703 2925 denso
717 2850 834 2924 suerit.
853 2850 988 2949 Plagam
1007 2852 1089 2926 coeli
1104 2852 1205 2926 vinea
1223 2851 1366 2949 spedare
1387 2851 1443 2923 de·

480 2962 538 3035 bet
551 2960 637 3033 locis
651 2958 780 3056 frigidis
795 2958 1012 3031 meridianam
1024 2991 1042 3048 ,·
1050 2960 1165 3033 calidis
1185 2960 1445 3056 septemtriona-

482 3068 574 3156 lem,
587 3067 707 3164 tepidis
719 3067 910 3154 orientem3
930 3068 1081 3144 sitamen
1104 3069 1243 3141 Austros
1262 3069 1319 3142 vel
1334 3076 1444 3144 Euros

481 3177 580 3274 regio
597 3199 669 3249 non
686 3174 805 3249 habeat
818 3174 987 3251 inimicos.
1011 3179 1105 3277 quod
1121 3176 1146 3248 s
1160 3178 1227 3251 boc
1238 3176 1285 3248 est
1300 3178 1445 3268 vitium,

483 3287 605 3361 melius
623 3286 660 3359 in
679 3284 883 3385 Aquilonem
906 3285 964 3359 vel
985 3284 1174 3361 Favonium
1191 3283 1307 3357 vineta
1326 3284 1444 3384 dirigi·

483 3423 570 3473 mus.
589 3397 656 3469 Sed
673 3397 793 3486 locus,
810 3395 871 3506 qui
887 3394 1099 3490 pastinaudus
1111 3394 1177 3483 est,
1188 3394 1281 3490 prius
1301 3394 1445 3490 impedi·

482 3507 820 3585 mentis-&omnibus
829 3506 915 3579 elisis
927 3508 1088 3579 liberetur
1102 3504 1301 3598 arboribus,
1314 3530 1357 3578 ne
1368 3504 1445 3602 post

324 3627 336 3652 ‘
482 3617 613 3693 calcatu
625 3616 751 3692 affiduo
763 3634 850 3689 terra
862 3616 975 3689 effossa
990 3615 1161 3688 solidetur.
1175 3615 1210 3687 Si
1222 3641 1359 3713 campus
1375 3615 1445 3709 est,

482 3726 619 3800 duobus
632 3723 727 3799 semis
749 3725 891 3822 pedibus
911 3724 1093 3821 pastinetur
1103 3749 1116 3811 ;
1130 3722 1155 3794 si
1169 3723 1299 3813 clivus,
1316 3725 1445 3811 tribus3

483 3836 584 3912 collis
601 3857 790 3932 praeruptus
809 3853 972 3932 quatuor,
985 3856 1029 3903 tte
1044 3830 1143 3904 citius
1165 3827 1446 3918 terra⁰decurrat;

486 3944 585 4018 valtis
599 3967 684 4016 vero
696 3943 830 4021 duobus
842 3942 993 4039 pedibus.
1007 3940 1076 4012 Sed
1083 3955 1160 4037 ager
1172 3938 1371 4037 uliginosus,
1383 3938 1443 4035 qui

485 4057 646 4130 humores
657 4053 754 4128 altius
767 4054 870 4128 fossus
882 4054 1029 4144 crustat,
1042 4050 1126 4137 ficut
1138 4047 1344 4123 Ravennatis
1357 4047 1443 4136 soli,

485 4189 557 4235 non
577 4162 721 4261 amplius
739 4188 840 4262 quam
856 4162 890 4234 in
907 4160 1026 4259 pedem
1042 4157 1138 4230 semis
1149 4151 1464 4230 effodiamulllud*

455 4285 463 4302 ⁴
485 4275 723 4370 experimentis
750 4271 884 4349 affiduis
913 4265 1179 4365 comprehendi,
1204 4263 1292 4337 vites
1322 4261 1443 4334 melius

486 4372 694 4476 provenire,
707 4379 734 4456 fi
748 4379 807 4459 vel
817 4377 927 4454 statim
946 4374 1040 4470 follae
1053 4393 1169 4469 terras,
1181 4369 1239 4451 vel
1254 4391 1327 4445 nott
1340 4367 1447 4463 longe
