3875 5759
563 879 630 975 368
727 874 1059 990 vectari
1108 877 1236 965 utu.
1284 878 1354 952 111.

564 1040 651 1114 cedo
666 1038 765 1112 etiam
778 1036 924 1133 sequitur
937 1061 976 1109 ac
992 1034 1117 1109 solutio
1130 1037 1281 1126 ventris,
1295 1040 1332 1110 δι
1346 1035 1446 1110 dolor
1460 1035 1528 1109 mi·

562 1145 698 1243 tigatur.
718 1148 804 1237 Quae
828 1143 974 1245 remedia
994 1142 1018 1214 sr
1040 1145 1132 1216 tarde
1154 1144 1529 1234 subvenerint‚manus

562 1260 602 1332 δι
626 1257 759 1354 brachia
777 1253 987 1356 perungito,
1011 1258 1047 1327 δι
1067 1280 1143 1328 cum
1173 1282 1296 1357 magno
1313 1256 1404 1329 sensu
1426 1275 1529 1353 atque

563 1365 693 1440 cautela
721 1361 756 1432 in
785 1383 885 1431 anum
909 1359 1044 1453 injicito
1070 1361 1107 1450 in
1130 1383 1256 1457 partem
1284 1365 1461 1453 dextram,
1488 1366 1542 1437 dc.

564 1470 733 1545 reversato
748 1468 784 1540 in
801 1467 988 1543 finilltam:
1008 1469 1154 1544 veficam
1175 1499 1278 1547 manu
1293 1475 1392 1570 plena
1406 1475 1530 1547 levitet

564 1580 730 1678 premito‚
743 1599 783 1652 ut
796 1581 933 1678 incipiat
948 1583 1044 1656 urina
1066 1586 1266 1679 procedere,
1281 1590 1319 1660 δι
1339 1585 1383 1659 stc
1409 1580 1533 1686 libera-

563 1686 672 1772 bitur.-
681 1687 790 1762 Valde
808 1712 957 1785 premere
971 1688 1018 1761 est
1036 1688 1255 1763 contrarium.
1275 1695 1326 1761 Ex
1345 1692 1395 1762 his
1417 1711 1533 1761 autem

565 1801 673 1875 caulis
692 1801 796 1897 pallio
818 1800 876 1874 itta
892 1799 1060 1875 descendit
1073 1854 1085 1889 ,
1097 1801 1131 1880 ‚li
1146 1800 1334 1895 jumentum
1360 1803 1396 1872 in
1424 1826 1535 1897 opere

565 1926 623 1982 aut
646 1908 746 1983 cursu
765 1935 886 2008 magna
909 1929 1002 2007 parte
1021 1908 1087 1984 diei
1109 1928 1272 2006 cogatur,
1287 1911 1324 1981 &
1348 1907 1454 1978 urinae
1481 1907 1537 1980 fa-

455 2102 457 2106 ·
565 2017 695 2091 ciendae
718 2017 859 2115 spatium
886 2017 1097 2115 denegetur,
1119 2035 1202 2089 tunc
1227 2042 1247 2089 a
1273 2016 1389 2091 ’νείκεε
1414 2036 1535 2088 meatu

569 2124 731 2222 usquead
755 2144 926 2199 veretrum
951 2123 1096 2204 nascitur
1110 2143 1243 2212 tumor,
1256 2128 1292 2197 δι
1312 2123 1539 2196 cumdolore

569 2231 747 2328 egestionis
762 2230 916 2304 foramen
931 2231 1135 2330 angustatur.
1155 2231 1385 2319 Ediverlo,s1
1403 2230 1541 2323 jumen·

569 2359 642 2413 tum
664 2339 813 2411 exerceri
835 2338 993 2429 solitum,
1016 2339 1132 2411 diebus
1151 2340 1303 2437 plurimis
1329 2339 1470 2428 steterit,
1485 2340 1537 2411 in·

570 2448 756 2548 digestione
776 2447 956 2522 nascuntur
978 2445 1146 2542 spurcitiae
1163 2502 1183 2535 ,⁴
1199 2452 1236 2522 dc
1262 2449 1423 2521 humores
1452 2447 1537 2519 effe·

571 2583 712 2645 cuntur,
729 2558 833 2656 usque
853 2559 895 2631 ad
909 2558 1072 2646 vesicam,
1087 2558 1368 2654 compuneliones
1385 2560 1481 2631 etiam
1497 2561 1537 2633 δι

573 2671 707 2748 morsus
727 2670 848 2744 urinali
864 2668 981 2742 fillulae
1001 2669 1176 2766 ptaellant,
1191 2694 1235 2741 ex
1260 2695 1330 2766 quo
1356 2669 1536 2768 stranguria

573 2780 774 2879 plerumque
791 2778 972 2878 contingit.
986 2781 1036 2851 Ex
1058 2776 1284 2875 perfrictionis
1305 2779 1535 2877 indignatione

519 2953 522 2958 .
575 2888 715 2987 dysuria
736 2887 821 2961 solet
834 2889 967 2976 venite,
982 2912 1061 2961 cum
1079 2887 1187 2961 nimio
1204 2887 1317 2984 rigore
1339 2907 1463 2960 meatus
1482 2886 1537 2958 in·
1608 2959 1611 2968 ,

576 2999 747 3071 tumuerit.
769 3000 810 3068 Et
831 2997 1200 3074 ideocalefaclionibus
1216 2998 1355 3070 diverfis
1379 2996 1540 3094 aftigote

575 3108 740 3182 solvenda
764 3107 811 3177 est
829 3105 952 3198 injuria
976 3107 1139 3180 celeriter.
1157 3109 1326 3180 Interdum
1348 3110 1384 3180 dc
1407 3107 1541 3203 indigeq

576 3217 686 3290 llioue
699 3211 834 3302 bordei,
847 3217 883 3289 dc
898 3240 975 3296 cum
988 3240 1108 3313 aquam
1124 3214 1277 3313 frigidam
1291 3214 1473 3290 avidiffime
1488 3217 1540 3287 bi-

577 3319 692 3402 berint
704 3379 714 3412 ,
728 3324 865 3396 dolores
886 3324 1015 3397 ventris
1031 3324 1187 3397 animalia
1201 3326 1390 3423 patiuntur,
1403 3324 1440 3402 ὃ(
1454 3349 1540 3418 pro-

579 3453 655 3532 pter
677 3431 889 3507 vicinitatem
917 3452 1093 3506 commota
1114 3433 1225 3507 vesica
1246 3433 1456 3529 stranguriam
1482 3432 1499 3503 s
1522 3473 1543 3491 -

578 3544 712 3617 ssinenr.
725 3542 922 3640 Aliquando,
939 3546 977 3618 dc
1001 3541 1124 3630 stercus
1146 3544 1331 3641 pullinum,
1345 3541 1459 3616 &alia
1473 3568 1545 3616 no-

580 3653 656 3739 xia,
671 3652 707 3722 in
719 3651 798 3725 cibo
821 3651 950 3741 sumta,
967 3677 1046 3725 cum
1071 3651 1279 3725 inflationem
1303 3651 1464 3733 fecerint,
1478 3652 1545 3723 im·

582 3760 723 3860 pediunt
750 3761 980 3835 minclionem.
1003 3760 1154 3833 Bestiolae
1176 3761 1299 3851 etiam,
1324 3787 1400 3858 quae
1426 3761 1546 3859 appel-

496 3898 499 3901 *
552 3865 555 3869 ’
582 3876 696 3945 lantur
709 3872 898 3966 buprestes,
912 3897 1040 3944 araneae
1051 3870 1182 3961 similes,
1197 3897 1272 3943 cum
1286 3871 1459 3946 devoratae
1474 3871 1547 3943 fue·

584 3980 681 4070 rint,
704 3980 827 4051 animal
853 3980 1049 4074 praefocant.
1073 3986 1171 4073 Aqua
1192 4003 1331 4077 quoque
1351 4005 1457 4052 coeno
1487 3981 1547 4053 vel

581 4090 816 4165 limo'tutbida
830 4089 853 4159 st
869 4089 1025 4180 bibatur,
1039 4107 1165 4161 meatus
1177 4088 1316 4186 impedit
1337 4087 1547 4165 minclionis.

586 4204 728 4272 Vermes
749 4223 887 4296 quoque
910 4200 966 4272 vel
990 4198 1144 4273 lumbrici
1163 4199 1198 4272 in
1220 4198 1382 4273 intestinis
1402 4228 1480 4274 cum
1501 4228 1549 4274 ex

537 4322 540 4330 ·
587 4307 701 4383 ulcere
715 4325 881 4384 venerunt
888 4308 1059 4402 ,vesicam
1072 4306 1461 4409 laedunt,&dupliciter
1475 4312 1548 4397 anif
