3875 5759
651 912 940 986 tuuotnno
964 905 1030 984 un
1055 913 1302 991 surtran.
1352 983 1353 987 .
1392 941 1462 1018 ,09

497 1067 640 1173 nimium
655 1074 814 1149 intererat
829 1074 1047 1171 explebatur,
1058 1076 1097 1149 &
1111 1074 1251 1171 spatium
1266 1076 1349 1152 illud
1362 1067 1463 1153 inane
1565 1131 1568 1138 -
1593 1129 1596 1137 ·

494 1186 608 1262 minus
623 1184 842 1284 reddebatur,
856 1185 952 1281 quod
971 1183 1115 1280 amplius
1134 1203 1210 1256 ante
1232 1186 1352 1259 hiabat.
1366 1188 1389 1260 st
1402 1213 1462 1261 or·

493 1297 555 1370 bes
577 1293 642 1367 tint
661 1292 824 1383 altiores,
846 1290 1012 1387 nimisque
1031 1289 1188 1364 deorsum
1203 1292 1403 1367 descendant
1419 1295 1463 1368 ad

484 1405 601 1477 imum
626 1399 859 1490 mortarii‚eis
873 1400 1051 1471 orbiculos
1071 1396 1462 1497 supponit,quibusat·
1503 1435 1505 1440 ·

494 1513 669 1588 tollantur.
688 1511 940 1588 eodemmodo
959 1509 1105 1584 latitudo
1123 1525 1326 1605 temperatur
1346 1516 1384 1589 δι
1405 1540 1464 1588 ac.

493 1624 742 1713 commodatur.
754 1645 830 1693 nam
848 1619 874 1690 fi
893 1618 951 1691 lati
965 1617 1040 1692 satis
1061 1609 1134 1691 non
1149 1618 1232 1709 slnt,
1248 1621 1460 1724 circumdans

494 1755 551 1807 tur
571 1733 734 1807 orbiculis
746 1729 866 1830 ligneis
878 1755 998 1803 eorum
1017 1729 1205 1827 margines,
1222 1748 1279 1802 aut
1300 1733 1474 1824 armillis,
1586 1770 1591 1781 ·

493 1842 591 1914 velut
609 1860 695 1914 rotae
715 1840 777 1936 ¹suo
797 1839 933 1913 cantho.
950 1859 1033 1907 mox
1046 1835 1215 1933 sequitur,
1226 1839 1466 1933 fitmrrtafirm..
1505 1834 1526 1936 ſs
1551 1847 1555 1859 ·

493 1977 546 2023 tus
568 1928 733 2023 ucxx11
745 1948 869 2018 nummi
882 1946 1034 2046 sestertii,
1051 1970 1117 2041 pro
1136 1966 1297 2041 trapeto,
1312 1971 1466 2044 compo·

491 2060 621 2145 fituris,
636 2056 796 2145 veeluta,
816 2054 932 2147 operis
953 2054 1149 2126 hominibus
1172 2078 1219 2142 v,
1234 2080 1311 2128 curn
1333 2056 1462 2129 bubul-

493 2163 543 2237 cis
562 2186 626 2253 vt,
645 2186 788 2260 quaeque
811 2162 876 2235 alia
900 2183 1083 2237 enumerat.
1103 2164 1159 2235 llla
1179 2184 1289 2237 autem
1315 2167 1393 2237 tota
1412 2157 1462 2237 fa·

488 2271 588 2345 brica
608 2289 820 2367 traperorum
841 2271 1050 2346 difficultatis
1066 2273 1225 2345 nonnihil
1245 2275 1354 2346 babet.
1376 2299 1462 2370 pro·

492 2382 573 2455 inde
592 2401 735 2458 conatus
751 2382 843 2474 sum,
859 2383 883 2456 st
901 2409 974 2457 non
994 2383 1134 2480 piblurae
1155 2384 1366 2457 lineamentis
1386 2410 1461 2472 earn

492 2475 748 2587 rebraesentare,
761 2514 854 2566 certe
870 2493 992 2568 umbra
1014 2492 1158 2585 quadam
1173 2490 1295 2565 leviter
1309 2492 1461 2588 defigna-

493 2624 541 2675 re.
560 2602 644 2677 Haec
663 2605 853 2678 Turnebus.

907 2696 1060 2789 Gtsrttrt'..
1261 2781 1265 2787 ι

526 2816 528 2821 ’
541 2824 654 2891 Varro
667 2822 705 2894 L.
715 2823 753 2897 L.
766 2846 801 2916 p.
816 2843 879 2916 34,
896 2846 928 2911 5,
947 2824 1112 2914 Trapetts,
1127 2816 1258 2917 inquit,
1271 2823 1358 2891 molae
1371 2822 1458 2895 ‘olea-

492 2934 545 3004 rt’ae
562 2955 724 3005 vocantur.
743 2932 907 3025 Trapetes
922 2957 942 3002 a
955 2930 1117 3021 terendo,
1132 2934 1197 3031 rifi
1218 2937 1373 3011 Graetum,
1386 2931 1459 3003 Effe

493 3040 675 3129 Graecum,
696 3038 763 3133 jam
783 3038 930 3111 ostendit
955 3039 1102 3134 Scaliger
1121 3064 1162 3111 ex
1182 3040 1303 3138 Odyff.
1325 3073 1360 3127 n,
1391 3064 1458 3129 124

492 3154 597 3239 ἑτέροις
613 3156 643 3218 ‹l’
662 3157 720 3239 ἄρα
740 3157 775 3218 ab
793 3158 975 3242 τρυγόωσιν,
993 3158 1098 3221 ’Ἄλλοι
1115 3157 1150 3221 l'e
1167 3152 1335 3243 rpttrtt‘tuct.
1361 3148 1458 3218 Plura
1482 3162 1486 3167 ’

492 3252 594 3326 habet
616 3254 816 3352 Hesychius.
840 3253 941 3325 Unde
963 3271 1122 3356 apparet,
1147 3280 1271 3329 vocem
1295 3281 1458 3349 trapezus,

492 3387 667 3458 trapetum,
688 3353 854 3459 velplur.
874 3357 1004 3459 trabem
1027 3363 1103 3462 (tot
1123 3364 1233 3437 modis
1254 3365 1343 3435 enim
1369 3365 1458 3437 dici·
1481 3438 1484 3442 .

482 3471 573 3568 tur)
596 3473 779 3568 generatim
799 3491 919 3545 notare
935 3475 1126 3549 machinam
1144 3479 1304 3566 calcandis
1324 3474 1380 3549 vel
1397 3498 1459 3545 ex·

492 3579 674 3676 primendis
694 3582 765 3652 stve
787 3581 880 3669 uvis,
892 3581 983 3671 five,
997 3602 1034 3655 ut
1047 3585 1135 3679 apud
1150 3585 1306 3674 nostros,
1326 3582 1430 3655 credo
1444 3595 1457 3669 3

492 3688 638 3783 semper,
660 3690 756 3765 oleis.
777 3692 855 3763 Huc
872 3690 1018 3786 pertinet
1039 3694 1140 3764 etiam
1154 3696 1251 3766 Varr.
1273 3718 1304 3779 1,
1323 3718 1393 3784 w55,
1419 3717 1457 3787 5,

491 3828 536 3875 ex
551 3800 695 3873 tertione
707 3801 889 3896 primarum
903 3800 1110 3892 editionum,
1128 3802 1282 3898 aquibus
1300 3800 1458 3875 cumdis-

492 3908 656 3984 ceffiffent
676 3908 837 4004 reliquae,
856 3908 1005 4003 Scaliger
1025 3934 1098 3979 eam
1124 3910 1352 3981 revocandam
1377 3931 1457 3979 cen·

492 4021 581 4109 fuit,
604 4022 785 4091 demittatur
804 4026 850 4091 ad
874 4044 1028 4114 trapetas,
1043 4048 1107 4112 quae
1132 4047 1178 4090 res
1198 4026 1286 4090 molae
1309 4021 1455 4102 olearia,
1485 4097 1489 4102 θ

492 4160 517 4217 ι,
529 4136 606 4202 duro
629 4128 662 4201 ὃν
681 4131 787 4223 aspero
804 4135 922 4223 lapide.
939 4132 968 4199 E
990 4128 1100 4224 lapide
1119 4127 1215 4199 fuiffe
1237 4127 1356 4214 orbes,
1370 4123 1475 4218 lapi-¹

492 4238 655 4336 dibusque
676 4243 762 4310 adeo
791 4235 1000 4326 molaribus,
1020 4261 1114 4334 quos,
1130 4235 1243 4306 nollra
1260 4254 1338 4305 aetas
1361 4231 1455 4303 usur·

492 4365 576 4445 pat,
607 4371 680 4420 non
706 4346 903 4439 diffimilcS,
926 4365 1064 4445 apparet
1090 4343 1274 4443 praesertim
1308 4368 1348 4417 ex
1378 4342 1454 4416 Cat.
1534 4351 1538 4358 '
