3875 5759
599 911 731 985 nutis
757 907 968 983 verrunt.
996 909 1096 980 srva
1122 850 1315 1002 muron
1370 937 1440 1009 297
1523 850 1527 858 ’

482 1074 650 1149 dixerunt.
664 1074 773 1168 Cujus
784 1075 859 1146 lraec
877 1072 952 1145 sunt
969 1073 1079 1170 signa:
1098 1072 1231 1145 Tumor
1249 1073 1338 1147 circa
1355 1099 1442 1149 ocu·

482 1186 534 1257 los
557 1184 756 1281 apparebit,
778 1182 937 1280 pabulum
959 1179 1149 1272 recusabit,
1172 1181 1284 1279 lingua
1310 1180 1381 1279 ejus
1404 1187 1462 1259 &²

482 1294 628 1389 palatum
651 1292 807 1391 labiaque
823 1290 1000 1363 tumebunt
1015 1343 1027 1379 ,
1049 1308 1179 1386 quanto
1195 1289 1443 1366 'vehementius

481 1403 665 1476 increverit
688 1404 847 1490 morbus,
863 1419 959 1473 tanto
978 1398 1130 1470 exoritur
1148 1398 1292 1494 amplius
1306 1415 1442 1475 tumor:

481 1514 686 1586 ambulantes
713 1512 790 1584 toto
818 1533 966 1606 corpore
1002 1507 1164 1582 vacillant
1181 1510 1442 1605 ‚umbramque

425 1628 435 1639 ‘
481 1618 573 1691 snam
590 1620 686 1692 velut
707 1620 891 1691 odorantes
906 1616 1146 1713 expavescunt.
1162 1615 1269 1711 Cujus
1284 1620 1444 1714 passionis

481 1754 524 1800 ex
539 1729 761 1823 corruptione
775 1726 943 1825 sanguinis
958 1724 1106 1797 nascitur
1121 1724 1238 1812 causa,
1254 1751 1332 1798 cum
1354 1728 1445 1800 indi·

481 1836 588 1933 gestio
601 1837 759 1909 ciborum
777 1834 920 1917 naturali
938 1833 1048 1903 meatu
1062 1829 1267 1917 intercluso,
1282 1832 1338 1903 vel
1354 1853 1445 1905 certe

482 1946 665 2033 derelidlo,
688 1947 723 2017 in
743 1968 797 2016 eas
817 1965 919 2013 venas
934 1992 943 2025 ,
961 1951 1038 2034 qua
1056 1937 1147 2009 circa
1169 1960 1323 2033 tempora
1343 1940 1443 2031 sunt,

440 2096 444 2103 ·
482 2054 599 2126 defluit
611 2108 622 2141 ,
634 2054 931 2145 membranamque
956 2046 1085 2120 cerebri
1103 2045 1211 2121 vitiat.
1229 2048 1295 2122 cui
1313 2047 1446 2147 sangui·

484 2187 561 2232 nem
590 2163 631 2232 de
655 2158 864 2253 temporibus
893 2174 1033 2253 oportet
1058 2155 1189 2246 minui,
1216 2161 1253 2232 δι
1278 2160 1446 2232 continuo
1492 2208 1499 2220 -

484 2270 566 2340 oleo
598 2289 764 2364 acetoque
791 2265 962 2361 permixto
996 2288 1098 2363 caput
1131 2265 1264 2365 largiter
1295 2269 1447 2368 perungi.

485 2380 591 2471 Quod
612 2378 758 2449 srhiems
782 2375 906 2465 suerit,
930 2375 1096 2450 hordeum
1117 2377 1225 2472 pridie
1237 2378 1393 2453 infundes
1408 2384 1446 2452 in

483 2514 605 2585 aquam
619 2491 655 2563 &
669 2488 859 2582 decoques,
876 2486 1084 2584 calidamque
1098 2486 1134 2557 in
1147 2486 1305 2559 saccellos
1318 2490 1451 2560 immit-

483 2613 551 2682 tes,
565 2595 864 2691 jumentorumque
881 2612 981 2686 caput
997 2592 1218 2663 fomentando
1237 2594 1362 2667 diutius
1382 2621 1447 2667 va·

472 2704 632 2799 potabis.
656 2704 731 2796 Alii
745 2703 897 2773 auctores
910 2699 988 2769 tolli
1002 2698 1043 2769 de
1058 2699 1171 2794 palato
1188 2698 1377 2795 sanguinem
1391 2702 1447 2797 ju·

485 2813 576 2885 bent.
599 2813 699 2883 Tunc
715 2807 884 2883 cimoliam
906 2823 1029 2886 cretam
1050 2831 1092 2878 ex
1106 2825 1203 2899 aceto
1221 2806 1385 2900 infusam,
1408 2814 1447 2908 ὃς
1487 2880 1491 2893 ,

484 2924 632 2996 merdam
661 2921 824 2994 bubulam
854 2935 1022 2993 recentem
1046 2943 1122 2992 cum
1155 2917 1247 2991 nitro
1271 2920 1353 2992 trito
1379 2922 1447 2993 mi-

485 3030 597 3119 scent,
610 3029 696 3105 &in
712 3030 837 3105 cacabo
849 3030 945 3127 super
956 3029 1121 3102 carbones
1134 3027 1350 3127 decoquunt,
1363 3032 1446 3105 cali·

486 3140 634 3237 dumque
662 3143 803 3214 cerebro
833 3138 1020 3238 languentis
1048 3137 1251 3235 imponunt,
1276 3165 1376 3215 aceto
1400 3143 1447 3216 ri.
1566 3229 1569 3234 „

486 3265 625 3346 gantes,
644 3276 686 3323 ne
709 3270 798 3325 cteta
813 3250 1033 3349 adstringatur
1054 3250 1095 3323 ad
1113 3250 1207 3347 pilos
1222 3249 1346 3348 usque,
1368 3279 1447 3327 curn

485 3362 578 3459 prius
600 3362 707 3437 calida
720 3361 997 3435 fomentaverunt
1010 3377 1120 3457 caput.
1141 3357 1312 3433 Dolorem
1327 3363 1446 3457 capitis

488 3496 596 3568 prope
611 3471 652 3542 ad
668 3472 836 3543 insaniam¹
849 3470 910 3540 ista
934 3468 1023 3565 signa
1039 3469 1284 3543 demonstrant:
1298 3471 1446 3563 Quoties

488 3597 592 3670 grave
610 3572 678 3662 est,
693 3576 730 3647 δι
746 3576 781 3645 in
800 3573 964 3670 praesepio
985 3572 1016 3645 se
1039 3574 1200 3669 deponit,
1215 3577 1362 3650 la'ctimae
1377 3578 1448 3653 ste*
1544 3657 1549 3670 ,
1571 3593 1578 3600 ’

488 3699 633 3779 quenter
651 3681 827 3773 oriuntur,
839 3680 998 3756 auriculae
1018 3677 1172 3776 stabunt,
1192 3679 1287 3757 oculi
1307 3688 1449 3784 gravina
1510 3672 1514 3681 ¹

488 3812 541 3861 res
561 3803 660 3861 erunt
668 3841 681 3875 ,
699 3788 865 3864 anhelitus
879 3789 1020 3875 creber,
1033 3789 1145 3862 aridus
1157 3790 1266 3886 pilus,
1282 3810 1447 3867 tremores

489 3897 704 3998 frequentes,
718 3896 819 3972 tristis
835 3898 995 3995 aspedus.
1008 3901 1120 3992 Quem
1133 3900 1284 3997 inprimis
1297 3904 1340 3974 ab
1360 3927 1448 4000 aqua

490 4007 688 4096 abstinebis,
703 4030 746 4078 ne
765 4006 906 4081 nimium
920 4006 1034 4096 bibat;
1049 4008 1090 4080 de
1102 4028 1243 4106 utraque
1255 4028 1347 4105 parte
1364 4011 1449 4086 colli
1534 4067 1539 4074 -

492 4113 686 4211 sanguinem
716 4117 894 4204 detrahes;
921 4136 1050 4215 caput,
1074 4117 1159 4191 ficut
1184 4119 1345 4216 scriptum
1373 4119 1463 4210 est,
1492 4124 1495 4128 ’
1542 4097 1556 4158 ·’

493 4224 635 4298 curabis.
1447 4228 1455 4242 '

543 4336 603 4407 tx.
614 4335 839 4417 Distentionis
853 4364 990 4442 quoque
1002 4289 1162 4430 vdletudo
1178 4339 1220 4413 ad
1233 4337 1351 4438 capitis
1363 4365 1447 4439 pras
