3875 5759
501 924 572 995 ²40
686 898 1012 976 VEGETII
1061 897 1186 975 ttttss
1235 897 1267 975 l.'
1370 948 1374 953 -

390 1059 394 1066 ’
497 1080 593 1150 aqua.
606 1052 783 1126 Potionent
797 1077 934 1158 quoque
948 1052 980 1123 ei
997 1051 1150 1149 quotidie
1162 1051 1254 1134 dabis
1273 1044 1449 1145 hujusmou'

497 1161 544 1234 di.
563 1162 705 1234 Succum
727 1158 862 1253 ptisanae
885 1167 960 1232 cunr
984 1158 1066 1231 sevo
1087 1159 1229 1258 caprino
1248 1159 1448 1245 decoctum,

401 1357 405 1364 ¹
497 1271 674 1345 sextarium
695 1294 820 1359 unum,
834 1271 967 1366 sulphur
986 1271 1196 1360 vivum‚tus
1221 1294 1359 1366 quoque
1375 1294 1449 1339 ma-

496 1381 623 1453 sculum
644 1379 747 1474 aequis
762 1380 968 1474 ponderibus
988 1378 1219 1473 deterisatque
1232 1376 1448 1450 commiscest

496 1511 540 1558 ex
551 1508 594 1555 eo
607 1485 797 1559 cochlearia
812 1489 938 1586 fingula
955 1488 1072 1559 diebus
1083 1485 1216 1582 singulis
1234 1511 1311 1558 cunt
1324 1483 1449 1579 ptisana

494 1594 664 1692 permixta
686 1596 839 1671 defundis
860 1600 900 1672 ad
919 1623 1037 1671 cornu.
1061 1598 1151 1670 Cum
1170 1615 1280 1669 autem
1302 1592 1450 1690 coeperit

380 1739 385 1746 ·
495 1704 561 1777 esse
580 1706 744 1797 validior,
759 1708 800 1782 de
814 1709 948 1784 cervice
960 1707 1153 1805 sanguinem
1163 1709 1339 1797 detrahes,
1356 1703 1452 1777 addi·

495 1833 603 1913 toque
622 1837 720 1891 aceto
738 1815 861 1890 animal
882 1817 1087 1914 persricabis.
1123 1877 1127 1884 .

548 1926 623 1999 ΧΠ.
639 1928 921 2002 Subtercutaneus
936 1927 1080 2004 ¹morbus
1090 1980 1101 2017 ,
1113 1944 1190 2001 cum
1203 1924 1328 1996 humor
1346 1921 1453 2015 pesli-

497 2031 549 2106 ser
567 2035 654 2108 intra
677 2037 808 2109 corium
828 2039 866 2108 &
887 2029 1015 2109 viscera
1037 2057 1220 2122 commeat,
1238 2036 1302 2104 hac
1318 2031 1455 2103 ratione

497 2143 668 2214 curandus
682 2143 739 2215 est.
760 2144 912 2217 Fistulam
934 2147 965 2220 ei
981 2144 1082 2219 facies
1103 2145 1160 2218 vel
1179 2140 1455 2226 cauterium-,in-

499 2268 552 2321 ter
570 2273 681 2321 armos
699 2249 769 2343 ejus
786 2255 823 2325 &
842 2267 995 2325 ventrem
1012 2255 1093 2326 loco
1110 2252 1274 2325 consueto
1292 2250 1333 2321 ad
1354 2272 1455 2318 men-

499 2354 606 2428 suram
623 2355 727 2429 incisa
739 2375 835 2450 cute,
849 2357 904 2430 die
918 2358 1055 2449 sereno,
1072 2363 1111 2432 δι
1125 2360 1148 2429 st
1163 2359 1301 2456 spatium
1316 2356 1362 2429 est
1373 2409 1385 2443 ,
1396 2356 1455 2425 lu·

502 2490 547 2536 na
564 2464 761 2555 minuente,
774 2466 863 2538 lndis
882 2485 921 2538 ut
936 2491 1012 2541 mos
1032 2469 1098 2557 est,
1112 2491 1171 2562 per
1186 2491 1285 2563 quam
1307 2463 1418 2536 omnis
1433 2488 1456 2535 e

501 2572 686 2648 visceribus
702 2568 826 2648 humor
843 2577 1020 2669 educitur,
1034 2576 1161 2651 coloris
1181 2576 1271 2649 aurei
1292 2573 1349 2649 vel
1372 2595 1457 2646 cro·

501 2683 577 2775 cei,
590 2684 760 2784 languoris
773 2686 849 2759 tabe
863 2708 1052 2785 corruptus.
1073 2687 1198 2781 Quaesr
1218 2685 1328 2757 minus
1342 2704 1456 2755 traxe·

501 2793 567 2883 rit,
580 2793 725 2868 radicem
745 2794 856 2873 herbae
869 2795 1055 2895 tithymalli
1075 2794 1193 2867 eodem
1213 2792 1355 2865 vulnere
1367 2787 1458 2859 inse-

502 2925 556 2973 res
575 2901 696 2996 septem
713 2904 851 2995 diebus,
866 2932 941 3001 quae
958 2907 1122 2979 residuum
1144 2904 1236 2976 virus
1251 2904 1379 2974 educat.
1400 2896 1458 2967 Est

504 3012 542 3082 δι
557 3008 646 3079 aliud
666 3011 859 3083 remedium.
878 3013 1093 3099 Radiculam,
1107 3038 1207 3107 quam
1220 3000 1354 3106 quiddm
1369 3030 1460 3079 con·

503 3115 662 3211 siliginem
673 3136 822 3207 vocant,
833 3119 968 3213 quidam
984 3120 1258 3214 pulmonaceam,
1272 3143 1340 3213 qua
1349 3114 1459 3187 mulo·

504 3224 628 3299 medici
650 3224 839 3321 frequenter
861 3228 898 3299 δι
921 3226 1060 3299 bubulci
1083 3244 1241 3338 utuntur,
1262 3227 1298 3296 in
1319 3226 1459 3321 peslore

504 3335 657 3409 animalis
671 3337 734 3408 hac
754 3335 948 3432 egritudine
966 3335 1149 3412 laborantis
1169 3355 1302 3410 eatenus
1325 3358 1459 3428 pones,
1491 3348 1494 3352 '

504 3463 544 3518 ut
557 3462 657 3534 acuto
671 3445 814 3540 cuprino
830 3445 969 3520 circines
992 3444 1124 3519 locum·
1134 3442 1250 3515 Postea
1264 3442 1361 3524 corio
1379 3467 1462 3537 per·
1489 3525 1494 3534 ,

505 3553 622 3633 forato
634 3553 814 3626 radiculam
827 3553 1002 3628 interseris.
1014 3578 1091 3653 quae
1102 3552 1225 3626 ibidem
1239 3552 1357 3649 sponte
1372 3569 1461 3623 tam·
1519 3557 1529 3572 ''

507 3662 565 3735 diu
583 3663 788 3757 permanebit
798 3661 1002 3762 ,quousque
1018 3663 1123 3752 cutis,
1137 3682 1300 3758 quatenus
1313 3662 1461 3757 cuprino

507 3772 650 3869 signata,
670 3772 707 3843 in
729 3772 936 3878 putredipem
952 3773 991 3844 stt
1011 3770 1174 3856 versa,&
1190 3799 1209 3844 a
1228 3791 1305 3845 toto
1328 3793 1461 3865 corpo·

506 3882 605 3952 read
627 3880 721 3952 illum
742 3880 856 3954 locum
878 3881 1002 3953 humor
1020 3880 1187 3969 trabatur,
1200 3885 1237 3954 dc
1257 3903 1316 3974 per
1332 3879 1461 3953 vulnus

506 3989 688 4067 emittatur.
711 3988 801 4063 Hinc
822 3989 998 4086 potionem
1015 3989 1190 4084 diapenten
1211 3988 1360 4085 superius
1373 3988 1462 4060 defi·

416 4107 418 4116 '
507 4117 654 4194 gnatam,
667 4121 745 4172 cum
760 4097 847 4171 uino
859 4098 966 4173 veteri
978 4099 1193 4195 optimo,per
1206 4096 1462 4189 triduum,vel,

324 4276 429 4390 3,

507 4206 533 4276 fi
557 4206 723 4309 necellitas
740 4206 824 4295 erit,
847 4232 907 4303 per
932 4205 1000 4279 dies
1024 4208 1186 4302 plurimos
1208 4205 1311 4280 dabis.
1330 4206 1461 4303 Apium

514 4339 650 4415 quoque
671 4317 799 4412 viride,
812 4320 849 4395 δι
862 4320 980 4399 baccas
1001 4319 1466 4428 lauri,vel.illaetess1non
