3875 5759
466 866 557 961 ·284
664 863 1003 939 VEGETll
1051 866 1179 937 ΗΒ.
1231 868 1257 937 l.

484 1029 577 1118 scat,
596 1026 691 1126 quod
718 1022 848 1097 itineris
867 1022 1050 1098 -attriverat
1076 1022 1209 1115 injuria.
1239 1021 1319 1095 Allii
1336 1021 1449 1118 capita

483 1137 570 1220 tria.
589 1156 673 1209 rutae
689 1136 812 1208 veteris
825 1133 1042 1222 fasciculum,
1059 1133 1213 1206 aluminis
1228 1133 1310 1206 scisli
1325 1134 1363 1205 δι
1378 1133 1449 1206 cri-¹
1472 1158 1480 1194 2

481 1247 571 1321 brati
586 1245 733 1331 unciasd
748 1298 759 1330 ,
772 1245 926 1341 axungiae
945 1244 1072 1315 veteris
1090 1245 1209 1338 pondo
1229 1270 1248 1315 2
1264 1296 1275 1334 ,
1291 1241 1449 1316 slercoris

483 1355 602 1429 afi'nini
619 1353 765 1425 recentis
786 1379 922 1425 manum
943 1354 1096 1449 plenam,
1109 1352 1231 1450 qubus
1252 1350 1450 1425 commixtis

480 1487 583 1564 atque
605 1462 753 1534 decoctis
771 1461 890 1546 domi,
909 1480 946 1533 ut
967 1460 1119 1534 volueris
1141 1462 1176 1533 in
1203 1459 1323 1533 itinere
1342 1456 1448 1532 uteris

482 1572 525 1642 ad
548 1569 732 1658 vesperam.
753 1574 915 1644 Praeterea
934 1569 1050 1661 aliud,
1068 1572 1165 1667 quod
1183 1570 1322 1667 ungulas
1343 1566 1450 1640 nutrit

366 1755 368 1760 ,
481 1682 520 1752 &
533 1676 652 1752 firmat.
669 1681 756 1753 Picis
769 1681 905 1778 liquidae
918 1679 1020 1752 libras
1036 1705 1078 1775 3,
1096 1678 1253 1752 absinthii
1269 1678 1388 1751 libram
1407 1704 1421 1748 1
1437 1727 1450 1766 ,

482 1790 553 1862 allii
575 1790 684 1886 capita
710 1820 754 1888 9,
775 1790 932 1890 axungiae
956 1790 1076 1863 libram
1106 1788 1229 1877 t,olei
1256 1790 1381 1860 veteris
1406 1788 1451 1860 li·

480 1900 579 1973 bram
601 1902 721 1990 semis,
745 1903 830 1981 aceti
853 1901 996 1974 acrioris
1018 1899 1196 1984 sextarium
1218 1923 1348 1985 unum,
1369 1895 1451 1967 uni·

452 2031 455 2037 ·
481 2012 579 2086 versa
597 2014 788 2086 contundes
807 2014 845 2087 δι
870 2011 1010 2101 misces,
1025 2014 1064 2086 δι
1078 2012 1265 2105 decoques,
1280 2010 1318 2080 δι
1341 2032 1384 2078 cx
1406 2031 1451 2104 eo

482 2146 632 2195 coronas
654 2124 709 2193 vel
729 2146 856 2218 ungues
876 2121 1075 2194 animalium
1096 2118 1309 2194 confricabis.
1324 2118 1380 2189 De
1394 2142 1451 2212 pa·

482 2231 558 2302 latis
571 2230 706 2327 singulis
723 2230 890 2302 mensibus
909 2232 1084 2304 minuente
1104 2234 1185 2305 luna
1197 2230 1328 2327 sanguis
1342 2230 1455 2300 detra?

482 2340 593 2411 hetur.
610 2362 683 2435 quo
706 2336 816 2428 faslo,
838 2340 861 2410 st
882 2365 948 2433 qua
967 2342 1033 2428 ess,
1054 2342 1173 2437 capitis
1197 2342 1302 2436 paffio
1318 2340 1469 2412 releva·.

433 2520 435 2523 .
482 2467 559 2537 tur,
577 2449 788 2523 &ciborum
809 2449 1141 2542 faslidiumtollitur.
1162 2453 1314 2545 Oportet
1339 2468 1450 2521 autem

481 2550 690 2637 ferramento
708 2560 913 2634 concisorio
941 2560 1136 2633 animalium
1164 2560 1270 2633 soleas
1294 2556 1453 2631 ramulas·

464 2658 553 2764 'que
573 2668 733 2771 purgari,
756 2673 850 2766 quod
874 2690 1043 2767 evaporat
1063 2690 1163 2765 atque
1191 2668 1388 2765 refrigerat,
1416 2669 1453 2739 δε

484 2776 647 2852 fortiores
668 2779 808 2875 ungulas
828 2781 948 2853 reddit.
972 2780 1007 2851 Si
1027 2779 1151 2850 animal
1178 2777 1272 2849 domi
1303 2774 1452 2871 forisque

483 2885 697 2981 perfrixerit,
710 2888 927 2959 calidioribus
941 2886 1142 2983 unguentis,
1157 2911 1232 2983 quae
1247 2884 1352 2956 multa
1367 2883 1452 2986 sunt,

484 2991 594 3064 lumbi
616 2994 724 3064 eidem
755 2993 993 3066 confricentur
1019 2996 1057 3067 bc
1080 2996 1278 3080 cerebrum,
1300 2991 1454 3088 potioni·

374 3182 377 3188 ¹
483 3098 614 3194 busque
636 3103 674 3171 δι
686 3101 886 3194 pigmentis,
901 3106 940 3175 δι
957 3102 1241 3198 herbis,quarum
1263 3101 1453 3173 ferventior

485 3205 534 3278 est
550 3206 626 3291 vis,
642 3232 703 3300 per
721 3232 761 3279 os
777 3211 946 3282 continuo
960 3229 1098 3305 oportet
1113 3212 1264 3297 infundi,
1279 3232 1316 3284 ut
1331 3210 1453 3309 perfri-

486 3314 613 3389 slionis
624 3316 884 3390 incommodum
897 3317 1076 3397 evincatur
1086 3338 1188 3415 atque
1200 3323 1353 3415 pellatur.
1367 3324 1455 3393 Nam

486 3421 514 3498 st
534 3426 569 3499 in
586 3424 770 3499 visceribus
785 3426 1003 3521 permanserit
1024 3428 1149 3527 algoris
1167 3428 1317 3522 injuria,
1338 3432 1454 3504 diver·

488 3534 547 3607 sos
572 3533 846 3635 periculososque
868 3556 1028 3633 procreat
1052 3539 1203 3621 morbos.
1225 3541 1259 3612 Si
1277 3565 1364 3612 vero
1386 3538 1454 3611 die·

488 3671 565 3720 rum
591 3645 1017 3762 caniculariumptempore
1043 3649 1123 3721 aessu
1153 3653 1276 3724 animal
1300 3650 1454 3751 fatigabi-

490 3776 573 3844 tur,
599 3755 656 3827 vel
676 3756 772 3855 aquis
793 3756 923 3855 frigidis
954 3759 1002 3832 est
1028 3757 1317 3855 perfundendum,
1338 3761 1396 3842 vel
1421 3761 1456 3831 in

490 3889 583 3956 mare
601 3862 775 3965 flumenve
789 3867 1012 3956 mittendum,
1029 3867 1159 3965 frigidis
1179 3870 1279 3943 etiam
1301 3869 1455 3965 potioni·

490 3979 556 4051 bus
576 3978 813 4064 recreandum,
827 3995 871 4070 ut¹
882 3978 1064 4051 necessitati
1081 3979 1205 4052 laboris
1217 3997 1273 4051 aut
1290 3979 1456 4072 temporis

493 4086 607 4182 aptior
628 4085 795 4191 medicina
810 4084 990 4176 succurrat.
1009 4087 1073 4159 Sed
1093 4086 1128 4159 in
1142 4086 1236 4184 equis
1255 4110 1326 4157 non
1344 4085 1454 4159 solum

493 4196 645 4281 utilitas,
670 4217 789 4280 verum
819 4197 918 4268 etiam
943 4195 1076 4269 decoris
1099 4196 1186 4293 ratio
1209 4193 1373 4268 servanda
1398 4197 1455 4268 ess.

493 4302 677 4401 Nunquam
693 4306 829 4406 itaque,
841 4306 903 4383 uisi
924 4306 1095 4398 necessitas
1108 4304 1268 4403 passionis
1280 4308 1455 4404 exegerit,
