3875 5759
582 893 652 989 366
749 881 1081 961 VEGETll
1128 887 1256 962 ltu.
1305 888 1374 963 111.

581 1049 645 1121 dns
659 1044 706 1120 est
719 1044 916 1132 cautiffime,
932 1068 974 1116 ne
989 1043 1202 1134 intestinum,
1217 1047 1310 1143 quod
1324 1043 1543 1143 praepositum

581 1156 630 1229 est
648 1155 771 1258 entali,¹
795 1151 977 1250 frangatur.
995 1154 1143 1227 Procidit
1164 1154 1355 1228 intestinum
1378 1182 1395 1227 a
1419 1177 1544 1231 conta·

580 1269 660 1341 &ut
678 1266 756 1341 vitae
776 1262 961 1359 periculum
984 1262 1126 1355 sacit‚st
1144 1283 1316 1363 tangatut3
1330 1265 1423 1362 qnod
1439 1262 1544 1337 semel

582 1400 654 1450 non
677 1371 786 1455 redit,
810 1372 848 1443 δι
862 1372 906 1444 sic
921 1374 1128 1464 remanebit,
1141 1378 1178 1449 bt
1196 1375 1369 1470 paululum
1389 1372 1459 1445 exit
1478 1398 1544 1445 ex·

582 1484 657 1557 talis
678 1480 787 1577 supra.

636 1589 715 1664 xu.
736 1586 944 1664 Animalibus
964 1586 1083 1660 otiofis
1111 1590 1149 1660 dt
1176 1586 1279 1685 pigris
1308 1588 1478 1688 contingit
1499 1612 1546 1661 ex

580 1699 712 1798 pletura
731 1697 922 1799 sanguinem
938 1696 1108 1794 mingere,
1122 1721 1198 1769 cum
1217 1698 1285 1770 hoc
1297 1750 1308 1786 ‚
1321 1700 1414 1792 quod
1431 1698 1546 1768 abun·

581 1811 659 1893 dat,
672 1807 871 1903 erumpendi
883 1831 943 1903 pet
954 1805 1084 1880 urinam
1100 1805 1232 1878 invenit
1247 1806 1355 1877 viam:
1378 1803 1549 1879 attenuati

582 1919 623 1999 δι
642 1915 792 1989 exhausti
809 1914 960 1989 animalis
984 1914 1150 1987 interdum
1170 1914 1216 1986 est
1238 1918 1332 1986 urina
1349 1913 1548 2013 sanguinea.

584 2027 693 2120 Quod
723 2024 846 2099 accidit
870 2044 929 2097 aut
953 2047 998 2097 ex
1029 2022 1138 2096 nimio
1161 2022 1318 2113 ascensu,
1342 2042 1398 2095 aut
1423 2024 1551 2095 labore
1597 2058 1600 2066 ¹

584 2136 766 2232 ponderis,
777 2159 834 2207 aut
855 2133 1029 2208 nimietate
1047 2133 1170 2208 cursus.
1182 2132 1237 2205 sed
1250 2132 1337 2221 illis,
1357 2124 1414 2230 qui
1429 2157 1472 2203 ex
1489 2134 1550 2204 de·

532 2299 535 2306 .
585 2246 674 2320 liciis
686 2262 742 2318 aut
754 2246 957 2317 abundantia
971 2244 1204 2319 contraxerint
1217 2244 1403 2339 passiones,
1420 2244 1461 2314 de
1475 2268 1549 2315 ma-

585 2356 669 2429 trice
690 2343 848 2428 auferunt
868 2353 1084 2450 sanguinem3
1108 2354 1286 2426 attenuatis
1309 2376 1411 2427 venas
1436 2354 1550 2425 laxare

587 2462 808 2538 contrarium.
824 2459 986 2558 Utrisque
1006 2479 1118 2533 tamen
1142 2460 1292 2533 salutaris
1310 2460 1358 2532 est
1375 2459 1500 2555 potio,
1522 2458 1548 2531 sn

552 2623 554 2628 -
582 2574 641 2658 lac
656 2570 829 2667 caprinum
846 2595 954 2644 cuma
971 2570 1167 2644 matricibus
1181 2569 1346 2644 obolis&
1366 2570 1454 2642 vitio
1472 2569 1549 2642 laris

589 2679 703 2754 herbae
721 2677 823 2752 succo
839 2676 1006 2774 [pastillos
1022 2675 1140 2763 facias,
1154 2701 1197 2749 ex
1215 2676 1337 2775 quibus
1351 2674 1478 2776 unum]
1493 2701 1551 2773 pet

590 2815 633 2864 os
649 2788 841 2884 frequenter
854 2787 1020 2860 infundas.
1037 2785 1225 2860 Certissima
1245 2811 1382 2885 quoque
1397 2790 1438 2860 ad
1453 2787 1550 2883 'ipso-

590 2925 667 2972 rum
689 2898 825 2970 salutem
847 2895 1190 3004 potiopraedicatur,
1205 2896 1228 2969 li
1246 2897 1396 2995 draganti
1417 2897 1551 2969 unciam

592 3006 713 3095 semis,
727 3005 856 3101 mespili
879 3008 987 3101 scrop.
1013 3005 1149 3078 storacis
1170 3004 1278 3101 scrup.
1297 3030 1387 3094 tres,
1412 3005 1553 3078 nucleos

512 3135 515 3140 ¹
584 3114 688 3211 pini,
707 3114 774 3183 hos
793 3134 953 3209 purgatos
968 3116 1134 3188 ducentos
1151 3114 1267 3187 decem
1283 3114 1430 3188 infundis
1443 3116 1479 3185 in
1498 3115 1552 3187 vi·

594 3248 643 3296 no
661 3220 817 3318 optimo,
831 3247 870 3296 ac
888 3223 1068 3296 diutiffime
1084 3243 1259 3315 conteres,
1278 3225 1352 3322 post
1365 3224 1405 3295 ad
1421 3224 1558 3320 magni·

593 3332 746 3407 tudinem
762 3332 857 3406 nucis
869 3333 1033 3407 avellanae
1047 3362 1123 3409 cum
1141 3337 1258 3433 apibus
1277 3335 1405 3409 attritos
1424 3336 1462 3406 δι
1477 3334 1556 3409 vini

594 3442 744 3519 sextario
762 3442 928 3518 resolutos
948 3444 1042 3520 dabis
1061 3446 1102 3518 ad
1126 3471 1258 3528 cornu,
1276 3447 1313 3518 δι
1333 3441 1486 3515 faucibus
1501 3440 1558 3515 di·

596 3575 716 3651 geres,
744 3576 805 3648 per
831 3552 903 3626 dies
932 3553 1117 3628 continuos
1145 3554 1296 3650 septem,
1323 3551 1419 3650 quod
1453 3552 1556 3624 etiam

596 3657 757 3732 omnibus
772 3660 909 3756 prodest
922 3714 934 3752 ‚
946 3662 989 3736 ad
1008 3662 1093 3736 sabe
1113 3661 1375 3763 magnitudinem
1389 3686 1467 3737 cum
1481 3686 1558 3736 ovo

598 3769 733 3846 dedisle.

646 3879 738 3952 Xlll.
750 3878 784 3951 si
798 3903 883 3953 veto
896 3878 1087 3978 sanguinem
1104 3897 1223 3955 vomat
1233 3900 1248 3969 ,’
1257 3901 1397 3978 oportet
1414 3879 1559 3977 genestae

596 3985 756 4078 succum,
772 4012 848 4059 cum
874 3988 959 4061 vino
981 4008 1081 4086 atque
1096 3988 1195 4085 'porri
1209 3991 1310 4064 succo
1325 3990 1448 4064 lixivio
1462 3994 1559 4064 oleo·

597 4123 666 4195 que
686 4097 874 4195 permixta,
889 4099 1043 4174 faucibus
1057 4099 1246 4174 infundere.
1271 4100 1466 4198 Aliquando
1488 4102 1559 4175 ani·

595 4206 696 4280 malla
714 4206 908 4306 sanguinem
923 4227 1081 4283 vomunt.
1104 4210 1226 4308 quibus
1245 4213 1307 4284 hac
1322 4213 1467 4307 potione
1484 4212 1557 4286 sne·

596 4315 772 4392 curritur:
800 4308 1011 4401 Absinthium
1044 4321 1225 4397 Ponticum
1248 4321 1435 4421 &spicam
1462 4322 1561 4398 nardi
