3875 5759
604 855 735 989 tuns
762 911 973 1035 vetrum.
998 911 1096 989 srva
1121 916 1302 991 uutou.
1363 940 1433 1017 23⁷

484 1076 551 1149 lam
566 1094 673 1151 vento
687 1077 821 1151 naribus
840 1066 987 1167 inlitam,
1000 1094 1039 1167 ut
1052 1076 1235 1150 sternutum
1250 1098 1436 1172 provocet,

487 1186 641 1260 adbibere
665 1190 883 1261 commodum
907 1188 964 1263 est.
982 1188 1211 1293 Capertetiam
1233 1190 1437 1265 extrinsecus

487 1296 713 1395 auriculasque
733 1298 813 1373 oleo
839 1298 968 1372 calente
994 1298 1169 1397 diligenter
1190 1322 1378 1404 perunges,
1398 1303 1437 1375 δι

486 1404 563 1478 lana
583 1407 722 1481 cerebro
739 1407 869 1506 indita,
890 1408 933 1480 ab
950 1404 1045 1479 omni
1059 1406 1283 1502 perfridionis
1297 1407 1438 1505 decessi-

485 1528 553 1586 tate
580 1513 736 1589 ntunibis.¹
761 1509 924 1588 Nasturtii
952 1537 1091 1613 quoque
1115 1511 1223 1587 semen
1255 1514 1437 1588 bibendum

485 1623 580 1699 dabis
599 1650 641 1697 ex
663 1650 757 1723 aqua.
777 1625 939 1698 Praeterea
959 1624 1136 1720 potionem
1156 1624 1267 1714 dabis,
1285 1613 1344 1721 qui
1365 1625 1439 1697 dia·

485 1758 615 1830 pentou
630 1752 785 1826 vocatur,
797 1735 835 1809 δι
846 1735 908 1808 hac
921 1733 1054 1805 ratione
1065 1730 1265 1809 conficitur:
1277 1732 1441 1820 Murrhae‚

484 1844 671 1937 gentianae,
685 1842 885 1937 aristologia
905 1841 1039 1935 longae,
1060 1839 1172 1925 baccis
1192 1837 1298 1927 lauri,
1312 1839 1439 1913 rasuras

484 1948 597 2022 eboris
613 1950 701 2023 bene
719 1946 814 2019 tritas
828 1949 867 2018 dc
888 1942 1047 2016 cribratus
1060 1942 1163 2039 aequis
1185 1942 1336 2017 miscebis
1350 1968 1440 2039 pon·

485 2054 641 2143 deribus,
660 2050 881 2147 servabisque.
901 2047 1031 2125 Exinde
1053 2047 1159 2143 prima
1179 2049 1232 2123 die
1249 2075 1352 2123 unum
1376 2075 1440 2125 co·

485 2161 668 2234 chlearium
682 2156 889 2242 cumulatum
902 2180 980 2229 cum
991 2153 1135 2230 sextario
1151 2156 1226 2232 vini
1235 2158 1380 2249 veteris,
1394 2159 1440 2232 se·

487 2268 597 2340 cunda
620 2266 674 2341 die
697 2289 802 2340 unum
830 2268 867 2339 δι
890 2263 1007 2354 semis,
1031 2267 1125 2342 tertia
1150 2286 1259 2342 autem
1286 2266 1340 2341 die
1369 2270 1440 2340 duo
1471 2272 1475 2280 '

486 2374 677 2449 cochlearia
695 2371 859 2470 tepesado
872 2397 968 2446 mero
988 2373 1115 2470 aspersa
1125 2374 1142 2461 ,’
1155 2378 1192 2450 &
1204 2374 1354 2473 diligenti
1369 2375 1440 2473 agi-

485 2484 615 2559 tatione
631 2484 795 2582 permixta
814 2485 908 2559 dabis
920 2485 964 2557 ad
978 2508 1097 2562 cornu.
1117 2486 1234 2558 Postea
1249 2511 1290 2558 ex
1307 2487 1439 2557 cervice

485 2589 528 2661 de
547 2593 707 2666 matricali
725 2619 811 2669 vena
823 2593 1019 2691 sanguinem
1034 2592 1206 2678 detrahes,
1219 2590 1440 2686 permixtum·
1469 2647 1477 2658 ,

483 2722 551 2794 que
567 2703 732 2775 acerrimo
751 2723 870 2791 aceto,
892 2725 996 2774 omne
1011 2700 1090 2797 equi
1107 2725 1233 2795 corpus
1256 2722 1440 2794 peninges,
1461 2763 1465 2772 .

483 2806 524 2879 δι
545 2828 664 2882 contra
679 2808 783 2903 pilum
803 2810 979 2903 diligenter
995 2808 1129 2882 fricabis
1141 2861 1153 2896 ‚
1166 2829 1204 2881 ut
1224 2810 1265 2880 ad
1287 2806 1441 2879 similitu·

485 2918 600 2990 dinem
619 2916 756 3012 glutinis
766 2918 940 2989 adhaereat.
954 2904 1143 3020 jumentum
1156 2939 1295 3014 quoque
1305 2915 1342 2986 in
1358 2915 1439 2987 loco

477 3026 596 3122 *calido
610 3022 802 3099 constitues.
817 3024 851 3099 Si
863 3024 976 3098 cibum
990 3023 1131 3114 fastidit,
1146 3023 1255 3097 statim
1267 3025 1439 3096 dumtaxat

480 3132 602 3205 sarinae
619 3134 812 3209 hordeaceae
833 3134 1010 3208 sextarium
1026 3160 1153 3220 unum,
1168 3132 1316 3231 quinque
1330 3133 1439 3205 sexta·

484 3242 545 3316 riis
565 3270 660 3343 aquae
683 3244 909 3341 permixtum,
926 3269 1018 3341 equo
1041 3243 1133 3316 dabis
1155 3243 1189 3313 in
1212 3262 1307 3338 potu.
1330 3244 1439 3315 Triti-

485 3379 577 3428 ceam
597 3379 734 3452 quoque
753 3355 895 3428 farinam
914 3354 1010 3427 simili
1028 3353 1178 3426 mensura
1192 3354 1229 3425 δι
1242 3351 1371 3424 ratione
1387 3352 1440 3424 os·

418 3548 419 3553 Ἰ
483 3462 571 3535 seres
581 3465 623 3535 ad
634 3462 826 3535 bibendum.
840 3462 875 3533 Si
894 3481 1003 3534 autem
1018 3461 1139 3533 fastidit
1150 3514 1161 3551 ,
1172 3485 1243 3533 non
1258 3460 1336 3532 ideo
1351 3461 1440 3532 aliud

483 3568 600 3658 dabis,
621 3568 799 3665 quousque
821 3569 890 3642 hoc
913 3592 956 3640 ex
981 3565 1040 3639 ista
1063 3566 1247 3640 neceffitate
1267 3567 1438 3640 sanitatem

483 3674 654 3774 percipiat.
676 3676 734 3748 De
747 3674 866 3772 palato
886 3681 1024 3771 quoque
1039 3670 1153 3766 postea
1168 3672 1357 3769 sanguinem
1380 3672 1440 3744 de·
1538 3679 1540 3690 ’

483 3786 617 3876 trahes,
630 3801 668 3857 ut
678 3785 773 3856 omni
786 3809 830 3857 ex
842 3802 952 3879 parte,
966 3781 990 3852 st
1003 3804 1067 3876 qua
1080 3781 1217 3853 morbus
1230 3805 1438 3878 praegravare

485 3895 650 3990 coeperit,
662 3892 841 3966 relevetur.
859 3893 975 3979 Scito,
991 3888 1050 3960 nisi
1070 3886 1245 3986 diligenter
1260 3912 1439 3975 occurras,
1478 3941 1482 3948 -

484 4004 579 4075 hunc
591 4002 656 4075 else
667 4000 978 4098 periculosissimum
989 3998 1156 4071 morbum.
1166 4024 1242 4070 nam
1253 3998 1323 4070 cito
1338 3998 1372 4069 in
1386 3996 1438 4067 su-

484 4111 720 4206 spirium,hoc
733 4108 992 4202 est‚anbelitum
1008 4107 1139 4196 transit,
1150 4112 1187 4181 δι
1199 4107 1288 4203 spem
1300 4128 1437 4176 omnem

487 4214 601 4293 salutis
616 4217 773 4290 excludit.
1072 4299 1082 4312 „

536 4327 601 4401 XI
612 4323 733 4399 Aridus
749 4348 834 4403 vero
849 4327 1006 4422 morbus,
1021 4323 1079 4425 qui
1093 4318 1339 4429 &suspiriosus
1352 4344 1439 4416 prae·¹
