3875 5759
601 875 722 948 ἰιΒ.
772 875 842 948 xi
894 823 1210 994 ocrop'n
1234 875 1278 950 u.
1380 878 1448 988 ¹⁸1

481 1027 561 1107 men
579 1035 755 1107 meliorem
773 1033 901 1107 facient
915 1032 1068 1132 cydonia
1083 1032 1182 1107 fimut
1196 1034 1313 1124 cosla,
1328 1034 1451 1133 &igni

482 1142 651 1239 supposita
672 1143 761 1241 ligna
780 1140 939 1215 ficulnea.
1029 1200 1033 1209 .

531 1256 629 1327 XlX.
656 1254 795 1326 Passum
808 1256 900 1327 nunc'
920 1251 980 1325 siet
1001 1270 1080 1326 ante
1103 1252 1337 1359 vindemiam,
1356 1255 1451 1353 quod

426 1371 428 1375 ’
482 1364 598 1437 Africa
622 1362 731 1437 suevit
753 1363 907 1436 universa
932 1360 1103 1437 conficere
1125 1362 1248 1462 pingue
1269 1382 1374 1460 utque
1395 1364 1451 1458 ju·
1498 1457 1500 1462 Α

481 1480 655 1566 cundum,
672 1481 709 1552 &
724 1502 797 1587 quo
817 1477 859 1549 ad
883 1464 1086 1562 conditum,
1108 1475 1254 1549 scutatis
1271 1476 1379 1553 mellis
1397 1479 1454 1550 vi··

481 1614 543 1678 ce,
557 1590 599 1660 ab
622 1588 800 1660 inflatione
821 1608 854 1660 te
873 1587 1038 1662 vindices.
1065 1588 1239 1683 leguntur
1261 1609 1344 1692 ergo
1371 1613 1461 1663 uvae'
1514 1617 1582 1684 χ

482 1697 582 1793 paslae
605 1695 882 1791 quamplurimae,
910 1694 1010 1769 &in
1037 1692 1171 1792 fiscellis
1199 1694 1315 1768 clausae
1345 1694 1452 1788 junco

482 1805 576 1878 sadis
597 1806 809 1901 aliquatenus
829 1804 959 1877 rariore
985 1821 1179 1893 contentu¹
1204 1804 1311 1902 virgis
1338 1807 1451 1899 primo

483 1916 618 1990 fortiter
644 1918 878 1988 verberantur.
903 1913 1042 1986 Deinde
1065 1914 1125 1986 ubi
1153 1940 1298 1987 uvarum
1325 1939 1451 2013 corpus

483 2026 536 2098 vis
551 2025 762 2096 conrufionis
775 2021 976 2110 exsolverit,
989 2022 1139 2095 cochleae
1155 2022 1324 2119 supposita
1336 2024 1451 2119 sporta

484 2132 730 2227 comprimitur.
746 2132 835 2203 Hinc
858 2129 985 2226 passum
1001 2129 1068 2218 est,
1084 2129 1251 2227 quidquid
1264 2132 1452 2225 effluxerit,

486 2246 525 2316 ὃ(
543 2243 720 2314 conditum
740 2239 898 2328 vasculo,
916 2239 1025 2312 mellis
1039 2266 1153 2328 more,
1169 2241 1331 2317 servatur.

460 2352 462 2355 ’
536 2352 619 2422 ΧΧ.
639 2353 709 2445 [Dr
724 2350 891 2445 cydonitu]
903 2343 1055 2443 “Abieslo
1079 2349 1178 2421 corio
1197 2350 1283 2421 mala
1301 2350 1453 2449 cydonia

484 2480 615 2533 matura
631 2462 666 2532 in
681 2461 889 2536 breviffimas
902 2485 940 2534 ac
955 2459 1160 2533 t'enuillimas
1176 2454 1354 2555 particulas
1368 2464 1454 2534 reci·

485 2568 563 2655 des,
580 2566 790 2663 &projicies
804 2569 927 2642 durum
939 2615 952 2657 ,
965 2568 1060 2664 quod
1073 2566 1217 2639 habetur
1231 2565 1381 2640 interius.
1394 2568 1470 2661 ἀει,

486 2676 566 2750 hinc
582 2676 618 2748 in
635 2678 737 2750 melle
757 2679 955 2773 decoques,
975 2676 1086 2751 donec
1101 2677 1152 2750 ud
1173 2675 1454 2751 mensuram-mei
1560 2720 1563 2726 ‡
1606 2771 1610 2782 Ι

486 2784 574 2855 diam
598 2801 812 2868 revertetur,
827 2786 863 2855 δι
890 2784 1076 2877 coquendo
1101 2784 1197 2881 piper
1222 2783 1342 2857 subtile
1363 2805 1454 2866 cone

486 2894 631 2989 sperges.
647 2895 755 2965 Aliter
768 2920 777 2965 z
790 2892 889 2966 Succi
908 2892 1143 2991 cydoniorum
1164 2887 1326 2971 ferrarios
1344 2898 1453 2985 duos,

488 3009 575 3076 aceri
590 3004 770 3076 'sextarium
781 3030 884 3075 unum
900 3002 1008 3093 semis,
1020 3006 1057 3079 δι
1072 3006 1180 3080 mellis
1188 3008 1274 3080 duos
1288 3006 1453 3081 sextarios

490 3114 661 3207 miscebis,
677 3118 715 3189 δι
735 3116 924 3212 decoques‚
938 3117 1050 3191 donec
1075 3136 1148 3191 tota
1165 3118 1349 3214 permixtio
1374 3119 1451 3215 pin·

486 3227 665 3325 guedinem
689 3226 765 3321 puri
788 3226 895 3299 mellis
918 3227 1079 3301 imitetur.
1108 3229 1209 3303 Tunc
1229 3229 1298 3303 triti
1326 3231 1452 3327 piperis

486 3355 587 3431 atque
606 3335 781 3422 zinziberis
807 3335 902 3408 binas
919 3338 1034 3409 uncias
1055 3336 1192 3409 miscere
1218 3338 1360 3412 curabis.

537 3445 634 3516 XXl,
651 3447 728 3537 [De
732 3445 886 3534 fermento
900 3446 1079 3543 musteorrurz
1084 3446 1274 3537 servando]
1287 3450 1338 3514 Ex
1353 3470 1452 3517 novo
1472 3469 1478 3475 “

487 3551 603 3622 tritico
619 3571 761 3647 purgato
782 3549 975 3622 forticulum
992 3550 1114 3640 facies,
1135 3554 1172 3625 &
1186 3578 1227 3625 ex
1248 3552 1356 3625 musto
1377 3553 1450 3651 [de]

488 3659 548 3730 sub
569 3660 708 3753 pedibus
726 3679 823 3755 rapto
844 3657 976 3732 curabis
990 3657 1168 3732 infundere
1181 3713 1192 3747 ,
1205 3660 1252 3732 ita
1273 3681 1309 3732 ut
1329 3663 1450 3733 modio

490 3765 588 3837 farris
607 3766 772 3861 lagoenam
787 3766 885 3839 mulli
902 3764 1064 3857 adjicias:
1079 3765 1200 3839 deinde
1214 3755 1449 3859 solesrccabis,

491 3878 526 3947 ὅ(
547 3875 627 3944 item
650 3872 798 3947 fimitirer
816 3874 964 3947 infundis
980 3900 1018 3947 ac
1032 3874 1143 3949 siccas.
1157 3879 1235 3950 Hoc
1251 3900 1327 3948 cum
1346 3874 1447 3945 terrio
1481 3889 1485 3896 '

491 3982 628 4070 feceris,
647 4006 748 4077 panes
769 4007 811 4054 ex
835 4008 879 4057 eo
901 3983 1114 4056 brevissimos
1139 3981 1448 4057 admodumsacies
1494 3985 1506 3998 '
1528 4069 1531 4074 ἣ

491 4092 717 4177 mulleorum,
740 4093 778 4164 δι
794 4092 829 4163 in
846 4091 915 4164 sole
930 4093 1069 4165 siccatos
1086 4093 1227 4167 vasculis
1249 4090 1351 4163 novis
1364 4088 1447 4161 sisli·

491 4197 580 4271 libus
599 4199 756 4271 recondis
775 4204 814 4274 δι
833 4202 965 4299 gypsus.
988 4204 1053 4274 Pro
1072 4200 1262 4289 fermento,
1278 4223 1350 4294 quo
1365 4218 1447 4273 tem·

489 4331 575 4405 pore
594 4306 675 4379 anni
692 4308 836 4384 musseos
849 4310 961 4385 facere
983 4308 1156 4403 volueris,
1175 4308 1243 4383 hoe
1265 4306 1383 4393 uteri&
