3875 5759
567 883 1430 1037 ucparruurrnurrnu

563 1118 603 1175 ut
627 1097 764 1194 quidam
792 1094 984 1192 [volunt,]
1007 1096 1046 1168 &
1064 1117 1187 1184 moro,
1211 1092 1268 1166 sed
1293 1092 1380 1166 insiti
1404 1091 1527 1167 surculi

562 1208 670 1304 qualo
685 1204 824 1302 desuper
836 1204 981 1278 omnino
996 1204 1169 1277 muniendi
1183 1204 1275 1291 sunt,
1290 1204 1348 1276 vel
1362 1201 1453 1277 fidili
1469 1231 1529 1278 va·

562 1318 670 1391 sculo.
690 1316 810 1388 Asserit
830 1314 1016 1403 Martialis,
1031 1316 1121 1410 apud
1141 1315 1295 1413 Assyrios
1317 1316 1428 1410 pomis
1442 1316 1528 1389 hanc

481 1448 489 1459 ·
561 1427 720 1501 arborem
739 1449 817 1496 non.
831 1448 966 1526 carere:
982 1423 1078 1519 quod
1096 1446 1161 1518 ego
1180 1420 1216 1492 in
1230 1421 1381 1495 Sardinia
1394 1421 1457 1520 [δι
1471 1424 1527 1517 in]

562 1529 739 1608 territorio
752 1533 982 1629 Neapolitano
994 1532 1029 1604 iu
1044 1529 1155 1603 fundis
1169 1529 1252 1601 meis
1267 1533 1419 1627 comperi
1433 1531 1529 1631 (qui-

562 1645 628 1717 bus
640 1642 750 1715 solum
763 1643 802 1715 δι
816 1640 943 1714 coelum
961 1639 1111 1736 tepidum
1125 1634 1267 1733 est‚'[&]
1284 1641 1409 1715 humor
1420 1666 1528 1714 exun-

561 1750 665 1851 dans)
681 1778 739 1850 pcr
753 1752 875 1851 gradus
888 1750 1050 1847 quosdam
1068 1748 1129 1821 fibi
1146 1748 1275 1845 semper
1291 1774 1393 1845 poma
1413 1750 1528 1826 succc-

561 1863 661 1951 dere,
675 1860 907 1935 commaturis
921 1860 952 1932 se
965 1859 1310 1960 acerba'subslituant‚
1327 1862 1529 1935 acerborum
1578 1942 1585 1960 s

564 1997 653 2047 vero
669 1990 799 2045 aetarem
820 1970 978 2043 florentia
996 1969 1269 2065 consequantur,
1285 1971 1402 2042 orbem
1418 1997 1529 2067 quen-

563 2086 642 2156 dam
660 2083 833 2157 continuae
852 2079 1086 2154 soecunditaris
1103 2080 1163 2151 fibi
1181 2078 1387 2151 ministrante
1403 2099 1532 2155 natura-¹

564 2198 731 2266 feruntur
759 2197 854 2265 acres
879 2191 1038 2264 medullas
1061 2187 1441 2278 mutare'dulcibus,fi
1471 2220 1529 2289 per

564 2299 714 2388 triduum
737 2324 823 2397 aqua
841 2298 946 2385 mulsa
965 2296 1090 2371 semina
1114 2299 1271 2392 ponenda
1295 2318 1529 2392 macerentur,
1563 2382 1565 2386 ,

480 2403 482 2410 '
564 2410 624 2483 'vel
648 2409 763 2483 ovillo
786 2408 888 2499 labie,
910 2408 1006 2507 quod
1029 2406 1168 2504 praellat.
1191 2406 1304 2505 Aliqui
1328 2408 1439 2479 mense
1467 2416 1551 2494 Fer

553 2518 704 2592 'bruerio
728 2508 888 2596 truncum
915 2520 1061 2618 obliquo
1087 2517 1253 2607 'foramine
1278 2520 1320 2591 ab
1345 2519 1416 2591 imo
1442 2539 1531 2594 tere·

564 2630 685 2716 braun
701 2627 747 2701 ita
767 2647 804 2703 ur
819 2629 921 2702 altera
940 2646 1032 2725 parte
1042 2640 1249 2704 ‘n‘on'exeatz
1264 2650 1305 2697 ex
1320 2625 1388 2699 hoc
1404 2629 1530 2702 humo-

562 2765 636 2813 rem
664 2737 772 2811 fluere
797 2738 1020 2835 permittunt,
1037 2735 1151 2807 donec
1182 2757 1285 2830 poma
1314 2732 1526 2811 formentur:

494 2895 500 2902 ·
563 2868 648 2922 tunc
664 2848 820 2921 foramen
838 2846 913 2919 luto
931 2844 1083 2941 replent:
1099 2844 1158 2932 sle,
1176 2842 1271 2940 quod
1288 2843 1335 2915 est
1355 2845 1528 2937 medium,

564 2955 638 3027 sieri
659 2955 756 3026 dulce
772 2952 987 3026 confirmant.
1000 2952 1154 3058 Citreum
1172 2954 1211 3026 δι
1231 2950 1267 3022 in
1286 2952 1407 3025 arbore
1419 2955 1531 3049 potest

564 3084 627 3156 per
646 3076 759 3129 torum
773 3082 898 3128 annum
919 3059 1170 3162 propemodum
1193 3058 1354 3131 custodiri
1369 3084 1378 3131 τ
1392 3061 1530 3153 melius,

563 3168 592 3239 fi
613 3165 760 3241 vasculis
777 3165 1034 3264 quibuscunque
1054 3151 1239 3244 claudatur.
1259 3170 1293 3241 Si
1315 3172 1400 3246 velis
1418 3172 1529 3270 legere
1600 3188 1602 3193 '

565 3294 667 3370 atque
684 3273 816 3347 servare
826 3328 838 3364 ,
850 3277 949 3348 node
963 3275 1042 3346 luna
1056 3273 1179 3348 latente
1192 3277 1327 3351 debebis
1340 3307 1416 3353 cum
1429 3282 1530 3355 ramis

566 3382 694 3456 soliatis
717 3407 876 3479 carpere,
897 3386 935 3457 δι
961 3382 1082 3457 secreta
1104 3385 1291 3481 disponere.
1314 3390 1383 3460 Alii
1403 3387 1531 3489 singula

567 3493 655 3565 vasis
668 3491 804 3590 singulis
817 3491 999 3580 claudunt,
1014 3494 1071 3566 vel
1084 3494 1196 3593 gypso
1207 3496 1382 3587 adsuunt,
1397 3500 1434 3572 δι
1447 3513 1532 3595 opa-

568 3625 614 3677 co
633 3602 716 3673 loco
732 3601 887 3675 ordinata
903 3602 1107 3676 custodiunt.
1127 3595 1284 3701 Plerique
1300 3607 1336 3678 in
1350 3608 1441 3680 cedri
1456 3609 1531 3681 sco-

568 3713 633 3802 be,
648 3707 706 3785 vel
722 3711 784 3805 [in]
806 3710 1016 3785 straminibus
1034 3712 1191 3804 minutis,
1205 3715 1260 3788 vel
1277 3715 1312 3787 in
1327 3716 1428 3811 paleis
1444 3720 1530 3791 cesla

431 3872 439 3882 ,
569 3822 716 3896 servant.
735 3820 877 3917 Mespila
895 3809 982 3897 locis
1000 3820 1114 3898 calidis
1136 3822 1282 3897 maxime
1296 3828 1458 3923 gaudent,
1473 3828 1531 3900 sed

569 3928 724 4029 irriguis3
746 3947 858 4017 tamen
873 3929 1002 4028 frigidis
1021 3954 1159 4027 quoque
1178 3934 1408 4033 proveniunt:
1424 3936 1531 4031 magis
1561 3937 1563 3942 ’

565 4040 737 4146 sabulone
747 4040 865 4138 pingui
877 4060 977 4139 atque
991 4040 1139 4139 glareosa
1152 4059 1257 4133 terra,
1272 4043 1328 4117 cui
1342 4067 1440 4119 arena
1454 4069 1532 4142 per·

446 4213 449 4219 .
563 4154 678 4227 mixta
696 4154 768 4243 est,
786 4156 843 4228 vel
859 4158 979 4253 'argilla‘
993 4182 1070 4233 cum
1092 4154 1188 4230 saxis.
1211 4157 1344 4229 serenda
1365 4158 1412 4229 esl
1436 4160 1530 4231 taleis

571 4267 684 4337 mense
699 4266 824 4339 Martio
840 4268 898 4339 vel
912 4263 1126 4352 Novembri,
1142 4266 1195 4338 sed
1209 4265 1283 4365 solo
1298 4266 1481 4340 slercorato
1495 4271 1533 4341 δι

571 4370 726 4470 suhallo,
739 4373 786 4450 ita
802 4392 843 4451 ut
854 4393 1035 4474 utrumque
1056 4393 1155 4478 caput
1175 4376 1269 4449 taleae
1283 4376 1405 4478 stercus
1420 4380 1533 4451 obdu·
