3875 5759
599 913 731 1007 tntis
757 933 973 1008 versatu.
997 935 1096 1006 srva
1123 935 1311 1014 uutrou.
1365 966 1434 1040 ,31

482 1092 544 1167 bis.
565 1091 598 1165 Si
614 1094 697 1166 nihil
715 1094 919 1193 profecerit,
935 1093 1116 1185 caslretur,
1137 1097 1175 1169 δι
1193 1095 1281 1172 vitio
1303 1100 1441 1178 carebit.

481 1227 558 1275 nam
582 1206 727 1301 podagra
742 1230 819 1276 raro
839 1222 941 1274 vexat
955 1204 1145 1276 eunuchos.

531 1316 618 1386 LIV.
636 1314 826 1389 Orthocola
839 1314 937 1386 etiam
953 1312 1103 1407 jumenta
1117 1312 1172 1387 vel
1187 1312 1309 1386 slillosa
1322 1315 1441 1391 dicun·

482 1441 557 1513 tur,
573 1450 649 1523 quae
663 1426 930 1498 contradionem
946 1449 1132 1497 nervorum
1150 1424 1324 1519 patiuntur
1335 1424 1369 1495 in
1383 1453 1444 1521 pe·

482 1535 603 1626 dibus,
616 1538 654 1611 δι
670 1537 711 1609 de
728 1536 893 1633 capitibus
915 1535 1116 1633 ungularum
1131 1535 1283 1628 calcant,
1302 1537 1340 1608 δι
1367 1537 1446 1610 sunt
1521 1566 1526 1576 ·

483 1642 582 1742 rigidi
595 1645 744 1730 articuli,
764 1645 879 1740 plenas
896 1643 1035 1742 ungulas
1049 1643 1084 1715 in
1098 1661 1218 1716 terram
1233 1667 1360 1740 ponere
1373 1668 1447 1717 non
1509 1690 1513 1702 .

482 1752 630 1850 possunt.
651 1754 759 1847 Quod
778 1751 903 1826 vitium
918 1752 1066 1825 nascitur
1085 1776 1128 1824 ex
1142 1750 1342 1825 enormitate
1360 1776 1448 1825 one·

483 1889 560 1935 rum
583 1866 620 1938 &
639 1864 757 1936 labore
773 1860 1050 1961 confragosarum
1075 1859 1215 1934 viarum.
1239 1859 1294 1931 sed
1310 1860 1373 1932 hac
1395 1885 1449 1931 ra-

483 1972 579 2045 tione
604 1993 786 2048 curantur:
807 1971 1000 2070 sanguinem
1026 1968 1057 2042 ei
1083 1970 1184 2043 desub
1209 1968 1299 2043 citro
1328 1959 1385 2045 vel
1406 1972 1448 2045 de
1491 2038 1493 2046 ,
1548 2009 1551 2015 ·

485 2083 627 2155 coronis
650 2085 828 2172 detrahes,
850 2082 990 2180 ungulas
1011 2082 1096 2155 bene
1120 2105 1330 2178 compones,
1346 2080 1449 2177 polli·
1565 2077 1569 2082 ’

486 2217 563 2264 nem
586 2217 627 2264 ex
648 2193 781 2264 hordeo
803 2195 841 2267 &
863 2192 968 2265 resina
993 2218 1068 2266 cum
1090 2192 1234 2289 axungia
1254 2191 1450 2288 decoquas,

486 2304 524 2376 δι
542 2299 592 2373 te'r
611 2299 646 2374 in
670 2302 724 2374 die
744 2326 919 2399 perunges.
936 2301 1048 2397 tepida
1065 2326 1228 2399 quoque,
1244 2299 1358 2397 inqua
1373 2324 1451 2373 ver·

488 2412 573 2484 bena
586 2412 725 2485 decosla
746 2412 870 2500 fuerit,
886 2410 1114 2502 confovebis,
1131 2413 1168 2485 &
1181 2427 1254 2482 tota
1267 2407 1337 2504 ejus
1351 2432 1452 2483 crura

485 2549 598 2621 acopo
617 2523 827 2623 perfricabis.
843 2523 922 2598 Post
936 2524 1006 2597 dies
1025 2524 1176 2624 quinque
1202 2521 1451 2620 cataplasmabis

485 2658 562 2705 eum
584 2659 627 2705 ex
649 2633 779 2731 polline
801 2632 978 2708 hordei&
1001 2632 1062 2705 1ἰηί
1079 2632 1202 2705 semine
1220 2634 1258 2707 &
1277 2630 1452 2729 foeuigtae·¹

487 2769 532 2817 co
545 2744 651 2842 aequis
670 2746 820 2840 partibus
840 2768 882 2815 ex
896 2742 1144 2818 vinodecoslis
1157 2770 1166 2817 ε
1180 2740 1377 2840 cataplasma
1390 2740 1454 2811 int-f

486 2851 589 2948 ponis
612 2850 645 2921 in
674 2850 834 2922 omnibus
861 2850 1014 2924 cruribus
1038 2868 1115 2924 ante
1141 2875 1255 2947 acopo
1283 2847 1452 2947 petundis

487 2961 531 3033 ab
550 2958 696 3032 articulis
718 2952 884 3056 usquead
905 2984 1034 3057 genua:
1057 2986 1132 3059 quae
1145 2960 1223 3033 loca
1245 2959 1328 3033 lanis
1346 2957 1453 3031 succi·
1493 3011 1497 3023 .

490 3069 542 3142 dis
565 3068 695 3140 munies
718 3071 756 3140 δι
777 3067 945 3154 fasciabis,
963 3070 1002 3142 δι
1022 3086 1074 3142 ter
1093 3069 1128 3141 in
1148 3069 1201 3142 die
1221 3069 1376 3167 paulatim
1397 3067 1454 3139 in·

492 3178 610 3251 cedere
621 3177 733 3251 facies.
742 3178 775 3249 Si
783 3178 851 3266 hoc
864 3203 935 3251 non
946 3178 1144 3274 profecerit,
1157 3180 1350 3279 malagmam
1364 3180 1455 3252 hanc

402 3306 423 3317 ²
490 3288 639 3362 articulis
654 3287 727 3384 ejus
741 3288 909 3385 imponist
925 3289 1135 3379 Armeniaci,
1150 3289 1304 3387 galbani,
1318 3312 1457 3384 opopoe

491 3398 607 3485 nacis,
632 3396 789 3468 medulla.
812 3397 962 3476 cervinae
981 3398 1039 3472 lib.
1062 3427 1104 3487 2,
1118 3398 1233 3471 resmae
1255 3396 1456 3469 ter'bentinae

492 3505 609 3575 uncias
625 3531 668 3590 2,
687 3502 931 3598 apochymatis
942 3503 1078 3588 librant,
1092 3507 1206 3579 refinae
1223 3504 1318 3577 frixa
1333 3503 1455 3575 libram

495 3614 529 3683 S.
560 3609 674 3680 oleum
699 3626 821 3698 vetus,
835 3609 930 3705 quod
947 3609 1105 3703 sufficiat,
1128 3616 1222 3688 lento
1248 3613 1325 3713 igne
1349 3613 1455 3685 deco·

497 3720 637 3815 ques&
659 3716 811 3807 colabis,
832 3716 987 3816 impones
1010 3720 1045 3795 in
1065 3724 1187 3797 alutam
1210 3750 1269 3822 per
1287 3723 1355 3794 dies
1378 3721 1457 3817 plu·⁸

495 3828 602 3901 timos
619 3826 777 3901 omnibus
797 3830 1087 3926 pedibus,'donec
1114 3833 1182 3907 sani
1204 3834 1286 3905 sunt.
1309 3829 1371 3901 Sed
1392 3853 1454 3903 ne·

497 3934 630 4009 cessaria
648 3933 816 4009 festinatio
842 3936 999 4035 est,‘quia
1018 3938 1063 4012 sic
1085 3939 1193 4013 solent
1213 3960 1408 4023 remanere,
1430 3932 1455 4006 si

495 4044 623 4116 tardius
649 4068 729 4116 cura
750 4043 932 4139 praestetur.
957 4043 1025 4117 Alii
1050 4070 1136 4119 vero
1153 4045 1300 4119 urendos
1318 4043 1455 4117 censent

498 4150 659 4247 paulatim
686 4149 722 4221 in
744 4149 917 4242 articulis,
932 4151 987 4225 sed
1014 4175 1093 4225 raro
1114 4150 1212 4225 etiarn
1236 4146 1370 4245 prodest
1395 4146 1457 4223 isla

497 4258 674 4332 medicina.

545 4369 618 4438 LV.
636 4364 840 4443 Animalium
857 4370 991 4471 ungulae
1004 4348 1177 4468 asperitate
1189 4364 1453 4465 ac'longitudine
