3875 5759
604 929 1105 1034 Antis-vuusiiu.s1vn
1136 964 1322 1040 uuiou.
1379 988 1446 1064 307

481 1146 530 1196 re.
553 1118 695 1217 Curubis
709 1117 765 1192 fle.
785 1119 837 1190 Ex
857 1116 939 1188 oleo
960 1116 1111 1191 roseo&
1126 1117 1189 1190 ονῐ
1202 1118 1281 1191 albo
1305 1121 1445 1193 anacol·
1472 1203 1476 1212 ⁸

483 1231 564 1303 lima
583 1229 705 1317 facies,
721 1229 831 1308 lanam
850 1228 1030 1318 infundes,
1052 1231 1089 1302 δι
1114 1228 1210 1328 super
1233 1225 1372 1304 oculum
1389 1249 1447 1308 cu.

484 1361 594 1413 rattun
616 1337 791 1432 impones,
806 1362 846 1412 ac
871 1336 1011 1434 desuper
1035 1335 1194 1410 fasciabis.
1221 1339 1379 1438 Caveto,
1403 1370 1447 1436 ne

479 1448 554 1546 ipsa
573 1446 628 1520 die
651 1447 851 1535 manducet,
869 1447 908 1520 &
933 1465 1072 1520 movear
1093 1446 1231 1519 oculum
1261 1448 1445 1545 agitatione

483 1559 655 1644 maxillae;
681 1557 737 1630 sed
750 1577 885 1648 tamen,
907 1557 929 1630 fi
945 1557 1118 1644 voluerit,
1131 1557 1241 1628 bibat.
1257 1560 1369 1633 Altera
1393 1566 1446 1639 die

483 1668 602 1757 solvis,
618 1665 774 1741 &calida
789 1665 991 1740 fomentabis
1005 1665 1194 1739 diutiffime.
1209 1665 1329 1740 deinde
1344 1668 1448 1748 foeni.

483 1778 585 1875 graeci
604 1775 740 1850 succum
759 1777 793 1850 in
815 1778 921 1851 oculo
941 1775 1138 1861 subfundis,
1164 1777 1201 1850 δᾶ
1215 1777 1344 1850 rursum
1364 1807 1445 1858 ana.

481 1888 620 1963 collima
646 1886 890 1980 supradictum
916 1885 1066 1956 similiter
1083 1884 1253 1978 imponis,
1278 1884 1442 1965 fasciabis·

480 2026 561 2097 que.
581 2000 690 2093 Quod
708 2024 786 2071 cum
808 2023 867 2090 per
886 1996 1057 2082 triduum,
1077 2017 1133 2067 aut
1147 1995 1364 2092 quatriduum
1388 2001 1441 2075 fe.

480 2111 589 2192 ceris,
604 2107 745 2178 oculum
762 2103 890 2194 solvis,
910 2104 948 2177 δι
963 2101 1150 2203 foenigraeci
1166 2102 1266 2178 succo
1280 2104 1444 2186 fomenta·
1484 2115 1487 2122 ’

480 2219 552 2303 bis,
575 2240 618 2285 ex
632 2209 730 2282 melle
745 2210 879 2307 optimo
897 2212 1013 2285 Attico
1030 2238 1161 2311 unges,
1176 2213 1288 2304 donec
1303 2216 1444 2296 cicatrix

482 2324 517 2397 se
540 2318 719 2396 confirmet
741 2324 778 2393 δι
802 2323 936 2397 oculus

531 2436 657 2509 XVllI.
679 2431 733 2503 Est
752 2433 839 2525 aliud
857 2433 977 2538 vitium¹
1001 2429 1190 2527 ejusmodi,
1213 2451 1250 2505 ut
1274 2433 1444 2513 interdum

480 2548 589 2623 oculo
614 2546 727 2618 album
756 2544 891 2634 inducat
904 2535 1097 2648 ‚uinte‘rdum
1117 2541 1291 2637 limpidet:
1318 2569 1358 2616 ex
1377 2555 1444 2643 qua

482 2654 634 2753 paffione
661 2651 847 2722 lunaticum
875 2650 1018 2721 oculum
1048 2667 1181 2718 veteres
1209 2650 1473 2731 nominavere.»
1540 2660 1542 2665 ’

481 2760 592 2853 Cujus
604 2756 663 2827 ista
676 2755 808 2828 curario
821 2752 882 2836 est,
893 2770 930 2822 ut
944 2753 985 2822 de
995 2752 1064 2847 ipsa
1077 2771 1169 2846 parte
1182 2770 1373 2848 temporum
1389 2761 1446 2834 de.

482 2872 635 2943 trahatur
654 2865 793 2959 sanguis.
810 2862 1016 2960 interpofitis
1034 2862 1173 2952 diebus,
1188 2864 1247 2936 sub
1268 2867 1371 2939 oculo
1388 2873 1447 2961 ni·

483 2973 673 3049 hilominus
692 2969 882 3066 sanguinem
898 2989 1039 3064 oportet
1057 2968 1177 3043 minui.
1196 2973 1333 3062 Cotidie
1355 3002 1446 3075 quo.

483 3109 551 3182 que
565 3079 677 3155 calido
696 3077 852 3162 fomento
867 3078 1004 3151 oculum
1021 3080 1151 3152 curabis
1167 3079 1310 3166 deforis;
1323 3084 1448 3162 intrin-

484 3196 578 3269 secus
597 3213 707 3263 autem
727 3189 868 3284 inunges
881 3186 1034 3286 collyrio
1056 3189 1282 3263 thermantico
1298 3197 1335 3267 δι
1349 3222 1447 3270 acer.

485 3301 574 3377 rimo
597 3299 786 3396 perplures
806 3299 897 3383 dies,
912 3299 1024 3370 donec
1047 3297 1185 3392 recipiat
1205 3293 1387 3377 sanitatenr.
1410 3307 1446 3380 si

485 3411 571 3483 nihil
590 3435 632 3481 ex
648 3408 709 3479 hac
730 3407 861 3479 ratione
878 3405 1079 3501 profecerit,
1095 3431 1198 3480 venas
1212 3410 1397 3503 superiores
1409 3416 1447 3489 in

485 3514 696 3610 temporibus
711 3511 806 3604 supra
826 3509 931 3605 ipsum
947 3511 1082 3598 locum,
1096 3511 1154 3605 qui
1170 3512 1304 3588 sustinet
1324 3519 1448 3614 padio-1

485 3653 586 3716 nem,
605 3623 779 3719 diligenter
797 3619 970 3717 perquires
992 3623 1030 3694 δι
1045 3620 1178 3715 inures,
1193 3644 1229 3697 ut
1243 3626 1366 3702 humor
1378 3656 1447 3704 no·

485 3737 563 3812 xius
586 3732 687 3830 poffit
707 3730 823 3804 arceri.

490 3877 493 3882 ·
535 3846 633 3918 XIX.
655 3840 898 3936 Quodcunque
917 3837 1103 3932 jumenttun
1119 3840 1154 3914 in
1173 3845 1277 3918 oculo
1294 3847 1447 3928 habuerit

486 3953 724 4054 staphyloma,
738 3947 923 4021 incurabile
933 3949 997 4023 est:
1007 3949 1081 4019 ralis
1094 3970 1203 4024 tamen
1220 3953 1349 4027 curatio
1363 3981 1446 4032 con·

487 4070 597 4141 suevit
613 4061 762 4139 adhiberi
776 4088 785 4134 ε
800 4063 916 4135 Desub
940 4063 1044 4135 oculo
1071 4063 1262 4161 sanguinent
1285 4065 1316 4138 ei
1336 4068 1448 4140 detra-

487 4180 573 4264 hes,
593 4182 629 4251 &
653 4171 856 4247 fomenrabis
874 4171 981 4245 calida
1003 4196 1080 4244 curn
1102 4173 1268 4245 radicibus
1289 4171 1447 4253 foeniculi

488 4289 527 4358 &
548 4303 630 4355 rutae
650 4283 812 4366 decocta,
829 4278 968 4377 inunges
984 4279 1082 4352 etiam
1095 4279 1246 4376 collyrio
1263 4301 1335 4351 non
1347 4281 1446 4357 valde

486 4392 576 4469 actis
597 4391 621 4465 fi
646 4390 773 4465 vuinus
796 4386 974 4465 fecerit&
996 4385 1229 4486 deplanaverit
1244 4437 1256 4475 ,
1274 4410 1317 4458 ex
1341 4388 1444 4464 succo

1171 4497 1205 4570 V
1232 4521 1253 4567 2
