3875 5759
604 965 735 1040 ARTIS
758 964 969 1041 VETERIN.
994 966 1301 1043 slve-muloti.
1356 985 1433 1068 '²5t

483 1143 574 1199 tatur
590 1127 717 1200 utilior·
739 1127 914 1224 Sulphuris
928 1123 1004 1202 vivi
1023 1125 1122 1202 libras
1137 1155 1180 1220 2,
1197 1128 1370 1202 bituminis
1384 1127 1439 1223 iu·

483 1235 571 1306 daici
592 1235 649 1310 lib.
675 1236 941 1333 t,opopanacis
954 1237 1071 1311 uncias
1094 1243 1142 1327 6,
1164 1235 1441 1310 achantiumcias

481 1346 556 1431 sex,
570 1346 701 1443 galbani
721 1349 758 1422 δι
772 1348 929 1436 castorei,
944 1373 1051 1446 yreos
1067 1348 1161 1422 crudi
1176 1373 1238 1420 ana
1253 1347 1367 1421 uncias
1391 1351 1440 1437 6,

482 1456 557 1529 salis
579 1459 763 1534 armoniaci
788 1460 902 1534 uncias
931 1485 975 1550 a,
1002 1457 1075 1531 salis
1096 1456 1298 1554 cappadocis
1322 1457 1441 1531 uncias

486 1587 529 1655 3,
546 1590 654 1639 cornu
673 1568 827 1658 cervini,
846 1567 966 1664 lapidis
989 1566 1113 1667 gagatis
1134 1565 1301 1651 masculi,
1323 1555 1453 1661 lapidis

482 1674 607 1771 gagatis
629 1674 783 1764 seminae,
800 1703 864 1750 ana
881 1676 997 1749 uncias
1015 1704 1030 1771 3
1046 1728 1057 1761 ,
1072 1673 1189 1767 lapidis
1209 1673 1373 1761 ematitis,
1394 1673 1443 1779 la·

481 1778 569 1872 pidis
589 1780 748 1869 sideritis,
764 1781 883 1877 lapidis
896 1780 1045 1875 argeritis
1062 1776 1270 1869 annunciant
1288 1805 1324 1865 1,
1339 1779 1450 1876 equu·'

482 1887 555 1959 leos
570 1941 581 1977 ‚
597 1889 632 1960 id
647 1890 716 1980 ell,
733 1890 939 1963 caballiones
958 1888 1107 1958 marinos
1123 1910 1264 1957 numero
1292 1887 1441 1983 septem,

482 1998 602 2069 caudas
622 1997 790 2084 marinas,
815 2018 944 2091 ungues
963 1992 1114 2065 marinos
1139 2019 1202 2066 ana
1224 2019 1365 2067 numero
1391 1997 1442 2069 se·

459 2093 463 2102 ¹
481 2122 595 2199 ptem,
610 2131 687 2176 uvae
701 2104 840 2175 marinae
858 2103 974 2178 uncias
994 2121 1079 2189 tres,
1093 2103 1248 2177 medullae
1270 2105 1443 2193 cervinae,
1462 2174 1465 2183 .

482 2211 616 2295 cedrei,
631 2210 715 2306 picis
736 2210 870 2309 liquidae
886 2236 948 2284 ana
968 2211 1118 2309 pondera
1143 2212 1229 2301 tria,
1252 2212 1319 2287 ossa
1344 2212 1443 2309 sepiae

484 2343 629 2391 numero
650 2340 731 2407 vn,
749 2320 822 2393 auri
844 2320 1085 2411 semiunciam,
1109 2322 1250 2396 ballucae
1266 2323 1442 2421 siliquam:

483 2430 556 2506 haec
570 2429 724 2502 universa
745 2423 929 2504 commixta
948 2451 1050 2529 atque
1066 2431 1240 2520 succensa,
1256 2434 1364 2504 odore
1380 2433 1441 2504 suo
1479 2477 1483 2484 ·

483 2538 612 2612 morbis
625 2551 692 2616 tatlt
704 2540 884 2614 hominum
898 2567 1021 2637 ‚quam
1035 2540 1252 2628 animalium,
1266 2541 1442 2630 resrstunt,

483 2654 520 2722 δι
536 2651 706 2722 daemones
726 2649 860 2747 fugant,
875 2650 1054 2745 grandines
1068 2649 1268 2743 probibere,
1282 2651 1320 2720 &
1333 2673 1442 2721 aerem

483 2757 643 2828 defaecare
656 2757 828 2828 dicuntur.
844 2755 908 2828 Sed
922 2755 946 2825 fi
958 2772 1164 2825 memoratos
1178 2752 1303 2848 lapides
1317 2772 1374 2826 aut
1387 2756 1444 2827 in·

483 2867 602 2938 venire
623 2863 840 2957 nequiveris,
860 2882 918 2935 aut
938 2860 1139 2933 enormitate
1151 2862 1249 2956 pretii
1263 2863 1305 2935 ab
1317 2863 1443 2937 emtio-

484 3000 527 3048 ne
549 2972 743 3060 cellaveris,
760 2973 889 3070 reliqua
912 2971 1094 3045 efficaciter
1116 2972 1267 3068 prosunt.

533 3083 630 3153 XXl.
650 3081 818 3154 Medicina
839 3081 951 3153 omnis
975 3080 1192 3172 animalium,
1206 3082 1262 3155 vel
1279 3083 1304 3156 st
1321 3109 1443 3159 verunt

484 3189 691 3284 quaerimus,
712 3189 812 3261 etiam
836 3189 1040 3277 hominurn,
1064 3188 1125 3281 nist
1148 3189 1313 3263 rationem
1345 3216 1444 3264 cura·

483 3298 589 3368 tionis
601 3319 678 3370 ante
700 3298 928 3396 cognoverit,
949 3318 1052 3395 atque
1064 3296 1256 3391 praedixerit
1279 3298 1443 3394 languen-

483 3409 572 3482 tibus
587 3410 774 3505 periculum
786 3465 797 3498 ,
809 3410 933 3481 errabit
954 3405 1161 3504 frequenter.
1174 3408 1333 3504 Expostta
1350 3410 1441 3481 enim

483 3517 624 3589 curandi
652 3519 764 3605 ratio,
787 3519 824 3589 δι
852 3541 929 3588 cum
957 3537 1077 3611 genere
1104 3539 1294 3613 congruens
1320 3515 1444 3612 pallio·

413 3665 418 3689 .
484 3623 932 3720 nis,indubitanterpraeslat
948 3624 1277 3723 auxiliumldeoque
1290 3625 1444 3722 pluribus
1473 3721 1476 3726 ι

483 3733 643 3807 membris
669 3760 708 3809 ac
735 3735 863 3808 morbis
885 3733 1038 3831 generale
1057 3733 1244 3807 temedium
1265 3736 1442 3831 diligenter

387 3911 392 3927 ,
483 3865 625 3942 oportet
647 3846 800 3940 exponi,
819 3845 914 3946 quod
939 3842 1106 3938 praecipue
1134 3845 1169 3917 in
1189 3844 1357 3942 sanguinis
1382 3837 1441 3915 de·

483 3952 648 4024 tradiione
670 3950 838 4037 consistit,
856 3950 880 4021 si
898 3948 1139 4022 rationabiliter
1154 3976 1218 4046 pro
1234 3970 1386 4044 tempore
1401 3951 1442 4024 δι

484 4059 615 4132 viribus
637 4056 853 4148 animalium,
866 4061 904 4130 &
921 4081 986 4154 pro
1001 4077 1096 4129 aetate
1120 4059 1257 4154 persesli
1274 4058 1441 4129 mulome-

485 4165 554 4235 dici
572 4167 768 4240 adhibeatttr
786 4166 955 4240 industria.
975 4164 1047 4258 Qui
1067 4166 1092 4236 st
1109 4166 1242 4263 ignarus
1263 4166 1363 4238 fuerit
1377 4165 1441 4260 huf

485 4273 539 4367 jus
554 4274 713 4366 rationis,
727 4300 797 4349 non
811 4275 916 4347 solunt
936 4300 997 4371 per
1008 4275 1247 4374 detraslionem
1270 4274 1438 4374 sanguinis

484 4408 558 4457 non
573 4384 721 4482 curabit,
740 4384 982 4462 verumetiam
999 4386 1186 4484 periculum
1197 4384 1356 4479 jumentis
1369 4383 1436 4462 fre·
