3875 5759
604 879 748 954 naus
773 846 987 954 varrum.
1012 878 1110 949 srva
1127 877 1321 952 uutou.
1377 877 1447 975 ,m

492 1038 557 1123 tit,
574 1038 767 1137 sanguinem
794 1041 896 1139 magis
922 1039 1105 1115 exscreabit
1118 1082 1129 1128 ·,
1143 1065 1243 1136 quam
1260 1066 1335 1136 pus.
1357 1032 1460 1132 Qnae'

492 1167 652 1218 curantur
677 1148 851 1244 glutinosa
869 1152 907 1223 δι
933 1148 1064 1221 lenibus
1090 1147 1183 1222 cibis.
1207 1148 1324 1220 Talem
1346 1149 1446 1222 etiam

491 1256 662 1350 accipiunt
689 1257 949 1362 frequentissime
976 1256 1166 1353 potionem.
1186 1253 1287 1331 Turis
1309 1256 1445 1330 masculi

491 1363 626 1436 unciam
643 1365 849 1461 unam,0pii
871 1363 1004 1436 unciam
1025 1388 1146 1450 unam,
1164 1361 1363 1458 heliotropii
1381 1388 1445 1435 un·

491 1469 576 1541 ciam
587 1524 599 1561 ,
618 1474 712 1568 quod
731 1472 887 1570 intybum
908 1469 1066 1568 agrestem
1081 1494 1269 1555 vocamus,
1284 1487 1366 1541 rutae
1379 1496 1445 1549 un,-

491 1578 577 1651 ciam
597 1606 717 1669 unam,
737 1606 811 1677 quae
834 1578 949 1653 omnia
969 1577 1146 1674 diligenter
1169 1577 1245 1648 trita
1260 1602 1336 1649 cum
1359 1579 1445 1650 vin'o

489 1689 621 1760 aullero
637 1710 780 1786 quatuor
801 1688 969 1761 mensuras
991 1686 1150 1776 adjicies,
1168 1686 1277 1780 &per
1296 1684 1364 1757 dies
1379 1687 1446 1761 stn·.

489 1796 589 1891 gulos
602 1797 697 1892 ,dabis
710 1799 751 1871 ad
766 1824 896 1889 cornu,
912 1800 1023 1870 donec
1048 1820 1123 1890 quae
1137 1794 1227 1865 intus
1241 1813 1340 1891 rupta
1350 1795 1446 1885 sunt,

487 1907 706 2003 glutinentur.

535 2019 651 2090 XLlll.
672 2018 736 2090 Sed
752 2015 874 2089 animal
895 2036 1139 2109 nonnunquam
1153 2010 1283 2084 invadit
1300 2011 1446 2104 insania,

487 2141 526 2195 ut
546 2127 742 2221 praesepium
760 2126 914 2221 frangat,
935 2123 1071 2220 seseque
1087 2123 1202 2196 morsu
1218 2124 1360 2212 laceret,
1379 2122 1445 2195 im.-

487 2252 585 2326 petus
600 2236 699 2307 etiam
715 2235 751 2307 in
770 2237 925 2308 homines
942 2234 1061 2324 faciat,
1076 2233 1213 2308 auribus
1225 2235 1344 2323 micat,
1358 2258 1445 2307 ocu·

486 2340 528 2412 lis
551 2343 615 2415 erit
634 2344 767 2415 attentis
790 2348 827 2418 δι
847 2343 1043 2440 splendidiS,
1060 2345 1097 2417 δι
1117 2369 1159 2417 ex
1175 2369 1236 2417 ore
1250 2343 1353 2440 egerit
1366 2343 1443 2439 spu·
1505 2369 1514 2379 ·

436 2467 440 2472 ’
485 2476 593 2545 mam,
611 2479 710 2549 quem
735 2473 909 2542 caute‚ne
933 2455 1124 2526 medentem
1152 2454 1275 2542 laedat,
1302 2454 1446 2549 diligen-¹

485 2577 603 2658 terque
626 2563 862 2659 constringite.
877 2565 1076 2659 Sanguinem
1092 2560 1123 2631 ei
1137 2562 1177 2633 de
1191 2562 1322 2634 cervice
1341 2563 1378 2633 δι
1399 2562 1442 2634 de

485 2672 638 2743 cruribus
656 2672 780 2743 trahito
792 2715 803 2756 ‚·
815 2669 1010 2765 rursumque
1029 2669 1064 2738 in
1080 2668 1225 2741 tenebris
1244 2669 1442 2763 contineto,

484 2778 598 2850 donec
616 2796 750 2873 appetat
765 2778 888 2850 cibum.
910 2778 1000 2849 Cum
1021 2774 1164 2870 coeperit
1183 2777 1225 2848 ad
1246 2767 1441 2871 patientiam
1555 2807 1558 2814 ·

484 2886 661 2970 revocari,
677 2885 815 2959 succum
837 2885 955 2962 cicutae
975 2910 1046 2955 uno
1066 2883 1266 2972 acetabulo,
1279 2887 1319 2960 δι
1343 2911 1440 2983 aquae

483 3019 585 3065 unam
607 2995 777 3067 heminam
797 2996 977 3080 admisces,
993 2996 1030 3068 δι
1046 3019 1105 3090 per
1121 3019 1162 3067 os
1183 2991 1348 3071 defundis.
1362 2995 1439 3070 Post

435 3175 441 3187 ,
482 3121 593 3174 rutam
606 3104 796 3193 conterito,
813 3108 850 3179 δι
864 3104 960 3199 supra
974 3105 1147 3178 cerebrum
1158 3095 1303 3201 ponito,
1321 3103 1440 3204 caput·

483 3235 551 3308 que
577 3211 688 3286 lanata
708 3214 795 3311 pelle
819 3212 1042 3310 constringito
1066 3215 1104 3285 δι
1127 3233 1272 3303 curato,
1298 3217 1337 3288 &
1360 3239 1441 3289 cunt

425 3348 427 3352 ·
482 3319 689 3415 profecerit,
716 3320 824 3406 calide
846 3321 1038 3393 stabuletur.
1059 3320 1153 3392 Talis
1177 3344 1316 3417 quoque
1337 3320 1438 3416 potio

483 3428 577 3522 equis
590 3428 747 3503 subvenit
759 3429 907 3501 rabiosis.
921 3434 1041 3503 Baccas
1056 3428 1139 3502 lauri
1152 3454 1301 3516 novem,
1315 3429 1352 3501 δι
1367 3425 1438 3524 allii
1538 3491 1543 3506 .

483 3536 612 3630 purgati
629 3527 880 3632 grana‘viginti
906 3536 947 3620 lic¹
971 3560 1096 3624 unum,
1117 3536 1293 3634 diligenter
1313 3554 1438 3610 conte·

482 3646 602 3730 res‚&
625 3670 707 3716 cum
732 3643 817 3720 vino
836 3643 1117 3718 veteri'candido
1136 3670 1196 3748 per
1217 3669 1330 3722 narem
1355 3642 1437 3726 finie

481 3750 578 3824 stram
603 3750 741 3843 injicies.
821 3805 827 3850 1

455 3931 457 3936 .
530 3862 651 3934 XLlV.
671 3860 706 3932 Si
720 3860 894 3951 animalia,
908 3861 990 3933 dum
1006 3861 1142 3953 sudant,
1156 3865 1319 3938 hordeum
1338 3876 1436 3937 conti

483 3971 638 4068 ederint,
661 3970 720 4042 vel
741 3970 846 4066 ipsum
868 3972 1034 4045 hordeum
1059 3999 1190 4047 novum
1212 3972 1335 4064 fuerit,
1355 3973 1435 4071 quia

483 4079 716 4154 vehementius
733 4080 845 4171 calet,
865 4083 922 4154 vel
947 4082 1141 4177 copiosius,
1155 4109 1255 4179 quam
1276 4098 1435 4177 oportet,

484 4184 594 4256 onon
616 4187 953 4288 pascuntut,absque
975 4190 1081 4263 auito
1105 4189 1283 4288 indigestio
1306 4193 1343 4263 st
1363 4190 1436 4285 pte·
1473 4177 1479 4194 '

485 4309 558 4367 tuta
578 4295 803 4373 comitabitur.
820 4299 908 4393 Quae
920 4299 1025 4399 paffio
1043 4301 1094 4377 his
1113 4297 1304 4398 agnoscitur
1318 4299 1432 4398 signis:
1529 4396 1533 4403 ἱ
