3875 5759
591 946 663 1040 ηε
774 939 1107 1016 venenu
1154 941 1283 1016 t1u.
1331 874 1383 1018 1.'>

640 1108 709 1179 Lll.
734 1104 819 1174 Sunt
845 1100 922 1190 alii,
938 1100 998 1197 qui
1019 1102 1142 1174 allidue
1163 1102 1318 1177 dolorem
1337 1104 1464 1182 ventris
1490 1120 1553 1202 pa2.

590 1214 723 1291 tiuntur
733 1210 801 1282 fine
809 1211 878 1284 ulla
891 1207 1079 1300 inflatione,
1093 1231 1157 1285 nec
1167 1214 1387 1287 vehementer
1400 1215 1431 1287 se
1444 1215 1553 1287 volu·

590 1345 664 1401 tant
673 1377 684 1411 ,
694 1323 732 1395 &
743 1319 833 1426 quasi
846 1319 881 1392 in
892 1320 991 1392 cursu
1004 1339 1216 1417 provocant,
1228 1323 1412 1421 aliquando
1421 1309 1456 1397 'se
1469 1348 1553 1420 pro·

588 1432 733 1529 jiciunt,
756 1430 794 1502 δι
817 1428 874 1501 ilia
896 1428 956 1500 fibi
978 1430 1192 1520 corrodunt,
1215 1433 1254 1505 δι
1273 1433 1362 1530 quasi
1386 1432 1554 1527 scalpunt.

551 1634 556 1647 ν
588 1544 628 1613 ln
649 1535 842 1634 hujusmodi
862 1537 983 1610 dolote
1002 1545 1138 1611 manum
1152 1539 1304 1614 immittis
1323 1543 1358 1616 in
1381 1544 1555 1640 longane-

590 1672 669 1722 nem
682 1673 742 1744 per
757 1646 959 1739 circuitum,
974 1649 1013 1723 δι
1033 1648 1195 1723 interiore
1216 1672 1309 1747 parte
1329 1679 1389 1749 per
1409 1652 1555 1751 plurima

590 1760 670 1834 loca
689 1751 869 1855 diligenter
888 1758 1051 1847 tentabis,
1065 1762 1103 1834 δι
1117 1759 1271 1833 invenies
1295 1787 1426 1835 vermes
1443 1764 1554 1857 colle·

564 1873 665 1946 ‘lios
684 1869 788 1943 exille
800 1869 837 1943 in
853 1869 990 1967 fingulis
1007 1870 1117 1959 locis,
1138 1873 1177 1945 &
1199 1870 1390 1943 intestinum
1410 1898 1556 1967 pertun·

587 1975 678 2053 dere.
697 2003 739 2051 ex
759 2003 826 2075 qua
841 1977 1029 2051 necellitate
1043 1976 1191 2052 nascitur
1213 1976 1314 2049 dolor
1331 1977 1558 2075 periculosus.

362 2107 372 2131 ⁰
399 2135 401 2142 ·
472 2084 475 2110 ²
591 2089 721 2186 Digitis
739 2088 847 2162 evelle
866 2111 947 2180 eos,
964 2086 1024 2183 qui
1040 2086 1177 2183 quidem
1193 2084 1254 2158 vix
1276 2086 1492 2171 evelluntur,
1515 2089 1559 2160 &

590 2196 742 2293 ipsaribi
761 2196 800 2266 in·
811 2220 915 2268 manu
934 2195 1132 2284 cohaerent,
1147 2212 1186 2269 ut
1203 2193 1339 2268 difficile
1363 2219 1422 2265 eos
1443 2194 1557 2289 proji-

591 2305 672 2380 cias.
696 2328 741 2376 ex
761 2328 828 2399 qua
853 2302 986 2376 ratione
1011 2301 1117 2380 multa
1138 2301 1292 2397 jumenta
1316 2302 1456 2376 caudam
1484 2300 1556 2374 fre·

589 2429 735 2512 quenter
756 2410 940 2509 parietibus
960 2410 1109 2502 fricant,
1132 2435 1273 2508 propter
1295 2410 1446 2483 morsum
1471 2435 1556 2485 ver-

390 2540 394 2547 ·
500 2596 502 2600 ,
592 2523 725 2613 mium,
746 2545 835 2622 quos
857 2545 999 2621 purgare
1016 2523 1059 2594 de
1078 2521 1276 2619 longanone
1289 2515 1439 2594 studiose
1454 2520 1557 2594 debe·

592 2632 663 2724 bis,
679 2631 910 2728 &potionem
929 2630 1009 2703 dare
1023 2654 1082 2727 per
1100 2627 1265 2729 plurimos
1278 2627 1348 2700 dies
1369 2652 1442 2700 earn
1454 2681 1466 2717 ,
1479 2649 1556 2724 quae

592 2740 636 2814 ad
660 2737 845 2813 lumbricos
858 2737 969 2812 faciat.
983 2736 1031 2811 ita
1043 2761 1164 2811 omnes
1178 2760 1332 2825 vermes,
1345 2759 1433 2831 quos
1444 2734 1556 2809 collos

593 2847 801 2945 appellamus
826 2850 864 2921 δι
889 2846 1057 2938 tineolas,
1076 2843 1245 2944 purgabis.
1272 2844 1429 2916 Similiter
1454 2843 1554 2915 etiam

592 2955 654 3053 qui
675 2945 862 3026 lumbricos
882 2955 1009 3027 habent
1027 2956 1064 3025 in
1080 2974 1220 3041 ventre,
1243 2951 1289 3025 fic
1310 2975 1370 3024 eos
1389 2952 1556 3024 convenit

593 3064 731 3137 mederi.
752 3064 830 3138 Pice
852 3064 1032 3161 liquida&
1050 3064 1131 3135 oleo
1146 3062 1257 3136 calido
1278 3087 1374 3135 renes
1391 3065 1429 3135 &
1447 3082 1555 3135 totam

593 3169 723 3268 spinam
744 3195 821 3243 cum
842 3169 946 3242 dorso
965 3167 1145 3265 perfricare
1163 3188 1303 3264 oportet
1318 3190 1385 3241 tam
1400 3169 1477 3257 diu,
1493 3172 1557 3259 do·

591 3303 657 3353 nec
679 3276 932 3352 calefauionem
952 3278 1122 3373 patiantur
1135 3302 1177 3350 ex
1191 3276 1355 3350 manibus.
1371 3281 1408 3351 &
1420 3278 1557 3351 auricu-

528 3419 530 3426 '
580 3389 643 3494 ,las
663 3413 782 3463 eorum
809 3389 973 3463 &anum
1001 3412 1043 3471 ex
1065 3387 1145 3461 oleo
1175 3387 1375 3483 complebis.
1400 3406 1557 3461 ventrem

578 3497 782 3595 ¹quoque&
795 3494 966 3570 testiculos
981 3520 1156 3594 perunges.
1169 3496 1215 3569 sal
1234 3496 1352 3568 tritum
1362 3520 1441 3569 cum
1458 3496 1558 3568 melle

592 3608 771 3681 decobium
785 3607 934 3680 vmiiitum
962 3608 998 3680 in
1021 3616 1123 3682 annm
1139 3607 1316 3702 subjicies,
1332 3605 1453 3679 animal
1474 3610 1558 3701 [po-

591 3714 771 3815 tionibus]
786 3718 910 3791 crebris
923 3714 1211 3798 ambulationibus
1227 3718 1443 3812 potionatum
1458 3745 1558 3792 exer·

592 3823 694 3899 cebis.
713 3823 749 3896 Si
769 3848 813 3897 ex
826 3823 890 3897 hac
908 3823 1041 3897 ratione
1056 3847 1129 3896 non
1143 3823 1365 3922 mitigaverit,
1380 3826 1558 3922 clysteria·

526 3983 530 3993 ,
592 3933 647 4008 bis
664 3958 743 4007 eum
768 3932 898 4022 calida,
916 3936 953 4007 &
970 3931 1136 4006 afronitro
1160 3939 1197 4009 &
1220 3936 1297 4009 sale.
1315 3938 1479 4008 Praeterea
1501 3937 1559 4008 su·

571 4073 573 4077 ·
589 4069 654 4142 per
665 4069 761 4120 renes
775 4043 963 4128 &dorsum
981 4037 1140 4118 saccellos
1151 4045 1278 4119 calidos
1290 4070 1332 4117 ex
1345 4042 1475 4117 furfure
1487 4046 1559 4141 ple·

592 4178 659 4229 nos
682 4151 902 4251 imponis,&
920 4152 1059 4225 tamdiu
1075 4150 1558 4240 innovabiscalesattionem,

589 4259 707 4335 donec
730 4277 870 4361 ventum
891 4262 1018 4334 reddat.
1037 4247 1234 4334 Potionabis
1256 4286 1332 4334 cum
1353 4261 1560 4356 potionibus

472 4363 482 4373 “
595 4367 693 4467 supra
709 4370 804 4461 elidis
822 4373 861 4454 δι
885 4368 1049 4476 clysteriis
1059 4422 1073 4464 ,
1088 4388 1125 4445 ut
1139 4394 1158 4443 a
1173 4369 1363 4450 discrimine
1385 4369 1559 4445 liberetur.
