3875 5759
481 936 531 986 so
601 908 983 986 PALLAD’II
1030 911 1347 985 rtuT1L11

482 1069 635 1171 quaefitis.
658 1069 784 1141 Remus
804 1069 921 1158 laetus,
935 1069 1055 1143 viridis
1077 1072 1115 1145 &
1137 1069 1254 1144 sterilis
1275 1069 1310 1142 in
1329 1071 1444 1180 medin

480 1184 558 1254 olea
570 1180 812 1254 abscindendus
819 1179 889 1269 est,
905 1181 1001 1254 velut
1012 1182 1117 1254 totius
1131 1181 1260 1253 arboris
1274 1180 1452 1258 inimicus.-

479 1290 643 1362 Sterilitas
663 1293 700 1363 δι
722 1288 906 1385 pestilentia
926 1313 1027 1387 aequo
1047 1289 1153 1360 modo
1170 1287 1338 1386 fugiendae
1353 1289 1443 1365 sunt.

479 1402 519 1472 lo
540 1398 707 1494 pastinato
727 1396 801 1473 solo
814 1397 902 1471 inter
919 1397 1073 1472 novellas
1093 1395 1180 1470 vites
1192 1397 1337 1470 omnino
1358 1399 1443 1500 nihii

479 1508 528 1581 est
548 1509 805 1583 conserendum.
826 1508 941 1583 Graeci
954 1507 1096 1602 jubent,
1109 1510 1258 1602 exceptis
1274 1509 1445 1596 cautinum

476 1617 582 1692 tertio
608 1642 720 1709 anno,
738 1644 814 1716 quae
837 1618 976 1704 libebit,
991 1615 1174 1714 injungere.
1195 1617 1322 1690 Omnia
1346 1619 1444 1717 legu-

443 1736 461 1826 η’
478 1726 572 1800 mina
584 1726 715 1800 Graecis
730 1727 924 1801 sudoribus
937 1725 999 1798 seri
1014 1725 1171 1820 iubentur
1183 1726 1218 1797 in
1235 1727 1316 1800 steca
1330 1732 1443 1802 terrai

477 1835 555 1910 faba
570 1837 807 1909 tantummodo
824 1836 859 1907 in
879 1835 1017 1908 humida
1035 1836 1132 1908 debet
1145 1833 1263 1932 spargi.
1280 1836 1450 1910 Domino·

478 1946 537 2023 vel
563 1944 696 2020 colono
721 1941 871 2020 confinia
901 1945 1101 2040 poffidenti,
1122 1944 1183 2041 qui
1209 1943 1350 2016 fundum
1383 1948 1443 2021 vel

475 2081 589 2153 agrurn
612 2055 705 2126 suum
716 2054 837 2140 ¹locat,
851 2053 980 2131 demnis
997 2053 1060 2126 suis
1083 2079 1122 2126 ac
1136 2053 1251 2126 litibus
1265 2053 1381 2128 studet.
1401 2061 1442 2130 {n

474 2189 557 2264 agro
575 2162 805 2260 periclitantur
820 2160 1002 2247 interiora,
1021 2161 1080 2231 nifi
1098 2161 1256 2233 colantur
1276 2182 1440 2239 extrema.

472 2275 592 2345 Omne
603 2267 755 2341 triticum
769 2267 802 2338 in
824 2268 900 2340 solo
913 2265 1083 2366 uliginoso
1098 2268 1173 2362 post
1194 2269 1323 2348 tertiam
1339 2270 1452 2343 satio-z·

473 2402 554 2487 nem
568 2376 603 2447 in
620 2399 725 2474 genus
743 2375 878 2471 siliginis
893 2394 1133 2450 commutatur.
1147 2376 1231 2450 Tria
1246 2378 1330 2449 mala
1344 2405 1440 2476 aeque

474 2507 604 2560 nocent
615 2537 625 2570 ,
638 2482 810 2571 sterilitas,
825 2486 981 2572 morbus,
998 2484 1141 2558 vicinus.
1154 2485 1225 2577 Qui
1240 2508 1357 2559 terram
1375 2488 1448 2561 ἢθη

473 2595 571 2670 rilem
594 2593 703 2665 uineis
721 2613 884 2687 occupat,
901 2597 938 2667 δι
956 2595 1127 2693 laboribus
1142 2594 1206 2665 suis
1223 2597 1260 2667 δι
1275 2594 1439 2670 sumtibus
1506 2641 1512 2651 .

473 2703 521 2776 est
539 2701 708 2774 inimicus.
726 2700 849 2793 Campi
871 2698 995 2796 largius
1015 2699 1133 2770 vinum
1145 2750 1157 2784 ,
1170 2698 1276 2771 colles
1288 2701 1438 2778 nobilius

424 2863 428 2866 -
470 2807 595 2885 ferunt.
617 2807 743 2905 Aquilo
766 2807 850 2879 vites
866 2807 925 2879 fibi
944 2805 1093 2899 objeuas
1111 2805 1305 2894 foecundat,
1318 2808 1437 2882 Auster

470 2917 642 2991 nobilitat.
665 2920 710 2986 lta
725 2916 760 2984 in
775 2913 919 2984 arbitrio
934 2915 1052 2985 nossro
1072 2915 1117 2985 est
1128 2966 1140 3001 ,
1153 2932 1263 2986 utrum
1284 2913 1358 3010 plus
1373 2916 1437 2988 ha-

470 3023 629 3109 beamus,
651 3044 693 3089 an
715 3018 843 3090 melius.
864 3019 1045 3092 Neceffitas
1066 3021 1157 3094 feriis
1177 3041 1278 3094 caret.
1302 3023 1437 3115 Quam·

430 3179 432 3184 .
471 3127 528 3227 uis
547 3121 739 3220 temperatis
757 3126 843 3222 agris
864 3127 1036 3199 serendum
1059 3129 1118 3218 sit,
1132 3149 1240 3202 tamen
1262 3130 1287 3203 st
1306 3131 1449 3209 ficcitas

470 3237 575 3335 longa
603 3235 670 3325 est,
686 3235 809 3309 semina
834 3257 951 3310 oeeata
968 3237 1072 3311 tutius
1093 3239 1127 3311 in
1151 3241 1254 3336 agris,
1277 3265 1378 3338 quam
1398 3241 1436 3315 in

468 3344 602 3425 horreis
616 3345 850 3421 servabuntur.
874 3347 949 3418 Viae
965 3347 1091 3420 malitia
1107 3373 1201 3445 aeque
1214 3349 1252 3422 δι
1265 3349 1437 3445 voluptati

468 3456 508 3531 &
531 3455 664 3527 utilitati
686 3455 827 3528 adversa
849 3454 907 3530 est.
935 3457 1007 3551 Qui
1029 3451 1145 3555 agrum
1168 3459 1276 3543 colit,
1297 3485 1436 3555 gravem

467 3563 602 3638 tributis
622 3565 823 3636 creditorem
846 3566 995 3658 patitur,
1009 3569 1063 3638 cui
1079 3566 1147 3637 stne
1169 3565 1225 3662 spe
1247 3568 1435 3641 absolutio-

468 3675 521 3748 nis
541 3673 712 3746 austrinus
733 3673 789 3745 est.
816 3676 888 3766 Qui
915 3676 1039 3746 arando
1056 3676 1320 3749 crudumsolum
1344 3679 1435 3751 inter

432 3838 435 3843 -
466 3783 582 3857 sulcos*
591 3781 773 3876 relinquit,
785 3782 850 3854 suis
866 3781 1031 3854 frudibus
1051 3783 1207 3879 derogat,
1221 3809 1320 3858 terrae
1335 3789 1443 3859 ubet·.

392 3900 397 3909 '
464 3909 568 3969 ¹tatem
577 3886 731 3965 infamat.
746 3893 954 3964 Foecundior
967 3889 1014 3962 est
1027 3891 1115 3966 culta
1130 3893 1314 3989 exiguitas,
1328 3920 1434 3992 quam
1490 3958 1498 3968 .
1513 3930 1514 3934 ¹

328 4067 334 4083 ,
393 4056 397 4063 .
420 4060 424 4065 -
463 4001 664 4101 magnitudo
699 4001 855 4098 negleda.
884 3999 1005 4096 Nigras
1037 4000 1123 4074 uites
1137 3990 1299 4129 {omnino
1327 4028 1433 4098 repu-

464 4111 555 4194 dies,
576 4110 636 4182 nisr
660 4109 694 4180 in
720 4108 926 4204 provinciis,
940 4110 978 4180 δι
1000 4106 1072 4199 ejus
1096 4113 1248 4205 generis,
1264 4134 1335 4206 quo
1361 4111 1433 4183 aci·

464 4218 624 4289 naticium
647 4216 718 4289 fieri
732 4218 923 4291 consuevit.
944 4218 1096 4312 Longius
1114 4219 1355 4291 adminiculum
1372 4218 1431 4289 vi-

465 4325 508 4399 tis
522 4325 730 4402 incrementa
744 4326 916 4425 producit.
928 4324 1097 4399 Teneram
1110 4328 1149 4400 δι
1166 4316 1307 4402 viridem
1324 4327 1430 4401 ritem
