3875 5759
587 972 657 1074 ,οε
756 914 1367 1051 νῑὸ,ετιιιι3.ιι.·

539 1175 545 1187 ·
583 1132 774 1235 soeni'graeci
803 1130 1029 1225 fomentabis,
1051 1137 1088 1211 δι
1111 1134 1252 1235 inunges
1275 1137 1426 1239 collyrio
1452 1138 1550 1225 leni:

584 1244 679 1347 quod
699 1241 778 1319 facit
791 1242 832 1313 ad
846 1239 976 1318 tunicas
988 1262 1104 1342 ruptas
1116 1297 1127 1336 ,
1141 1246 1251 1320 donec
1265 1247 1297 1323 se
1312 1249 1450 1324 cicatrix
1465 1276 1546 1325 cum

581 1352 719 1452 planitie
745 1351 897 1441 claudat,
924 1370 1006 1426 tunc
1032 1354 1135 1427 uteris
1160 1356 1283 1430 acriori
1302 1358 1479 1459 collyrio,
1504 1363 1545 1434 δι

580 1486 642 1561 pet
660 1460 731 1535 dies
747 1459 935 1557 plurimos,
952 1464 1064 1538 donec
1085 1463 1301 1563 quaecunque
1322 1493 1398 1564 pars
1417 1466 1541 1566 aequari

580 1567 682 1669 poffit
699 1567 742 1641 ad
764 1589 890 1643 naturae
908 1569 1180 1664 similitudinem,
1194 1575 1489 1676 compleaturque,
1504 1595 1542 1667 ut

580 1701 653 1751 non
678 1674 887 1751 deformetur
909 1679 1061 1752 obtutus.

526 1787 531 1802 ¹
626 1790 711 1863 XX.
723 1788 757 1859 Si
772 1787 848 1862 casu
863 1787 979 1889 aliquo
996 1789 1119 1863 animal
1136 1789 1276 1864 oculum
1290 1790 1468 1887 impegerit
1480 1807 1540 1863 aut

578 1895 850 2006 confricaverit,
873 1898 931 1971 vel
952 1922 992 1971 ex
1014 1899 1202 1996 percussura
1223 1897 1341 1972 laeserit
1365 1901 1403 1970 &
1422 1897 1540 1969 album

576 2005 767 2097 induxerit,
789 2006 916 2080 etiamsi
940 2025 1033 2080 totus
1053 2009 1174 2083 oculus
1194 2006 1382 2107 praeclusus,
1397 2008 1460 2095 srt,
1484 2026 1542 2078 ta·

498 2157 500 2161 ·
579 2142 656 2192 men
682 2115 921 2213 experimentis
945 2117 1008 2189 bac
1033 2115 1166 2190 ratione
1188 2119 1366 2217 probatum
1394 2114 1441 2187 est
1466 2114 1541 2188 cito

575 2228 669 2325 polle
682 2224 801 2297 curari.
816 2224 980 2297 Hedetam
993 2225 1133 2327 colliges
1147 2229 1356 2315 terrestrem,
1371 2229 1409 2299 &
1423 2226 1458 2296 in
1472 2225 1537 2321 pila

574 2333 786 2409 mundissima
817 2332 996 2407 diutillime
1023 2338 1238 2426 contundes,
1263 2338 1398 2409 succum
1422 2333 1536 2431 expri-

574 2468 666 2535 mes,
682 2466 725 2516 ex
745 2443 814 2516 h'oc
833 2440 957 2515 animal
976 2442 1140 2544 inunges:
1158 2444 1323 2543 potestate
1344 2442 1535 2517 medicami-

568 2552 651 2643 nis,
674 2550 831 2650 quamvis
845 2549 1039 2646 desperata,
1055 2553 1268 2634 consumitur
1286 2554 1422 2652 albugo.
1435 2552 1533 2626 Sedti

575 2663 764 2740 terrestrem
786 2664 944 2736 hederam
964 2688 1038 2738 non
1051 2661 1324 2753 inveneris,five
1345 2664 1464 2738 baccas
1477 2652 1535 2736 he·

574 2776 687 2863 deta,
706 2774 777 2847 five
795 2772 878 2846 folia
898 2773 1110 2864 contundes,
1131 2776 1169 2847 &
1192 2771 1330 2847 succum
1347 2773 1534 2867 exprimes,

574 2888 614 2960 δι
631 2910 673 2957 ex
688 2908 731 2956 eo
754 2882 858 2957 succo
873 2882 1027 2981 inunges.
1049 2882 1083 2956 Si
1097 2883 1165 2957 hoc
1178 2905 1314 2981 quoque
1329 2881 1465 2954 difficile
1479 2883 1533 2957 vi·

571 2993 707 3068 debitur
725 3007 783 3065 aut
802 2990 974 3064 morosum
987 3045 998 3081 ,
1011 2991 1183 3088 paululum
1198 3016 1295 3089 aqua:
1312 2988 1445 3087 frigidae
1457 3014 1532 3064 cunr

573 3097 666 3171 foliis
684 3086 815 3176 he'derae
829 3096 1007 3170 diutiffime
1026 3095 1237 3188 contundes,
1255 3098 1391 3171 succum
1415 3099 1531 3197 expri-

573 3231 670 3295 mes,
685 3209 722 3280 &
737 3229 796 3300 per
810 3204 981 3300 siphonem
995 3204 1026 3276 ei
1039 3205 1075 3275 in
1089 3206 1229 3312 oculum
1246 3202 1411 3279 defundis}
1426 3206 1532 3301 Quod

572 3341 651 3396 cunt
673 3339 732 3413 per
746 3314 816 3387 dies
829 3312 995 3411 plurimos
1013 3331 1079 3385 tam
1098 3337 1219 3404 mane,
1236 3339 1336 3411 quarn
1353 3316 1395 3387 ad
1410 3313 1530 3411 vespe·

461 3470 468 3481 ·
570 3454 644 3504 ram
654 3424 775 3502 seceris
783 3477 796 3516 ,
807 3426 920 3499 album
935 3448 1038 3499 omne
1050 3425 1197 3500 tolletur.
1212 3426 1276 3497 Sed
1295 3425 1317 3498 st
1333 3424 1451 3497 vinum
1465 3423 1529 3504 mi·

553 3522 650 3610 'setis
671 3530 839 3626 optimum
862 3532 901 3605 δι
922 3556 1060 3623 recens,
1083 3532 1251 3608 efficacius
1270 3553 1383 3607 curata
1402 3532 1505 3606 sanat.

617 3641 714 3715 XXI.
735 3636 850 3736 Aliqui
865 3640 1018 3713 austures
1033 3638 1213 3729 dixerunt,
1239 3639 1263 3710 sa
1278 3640 1394 3711 dexter
1407 3639 1526 3713 oculus

570 3749 785 3828 suffusionem
807 3745 1006 3844 susceperit,
1025 3748 1081 3820 vel
1104 3747 1214 3818 album
1233 3745 1430 3834 incurrerit,
1447 3749 1528 3819 dex-

568 3881 675 3939 tetam
697 3848 825 3958 partem
846 3859 997 3949 naris,fi
1021 3857 1146 3932 sinister
1164 3857 1325 3930 sinistram
1351 3857 1526 3957 diligenter

566 3968 743 4068 inspiciet:
764 3968 800 4042 iu
816 3968 884 4066 ipsa
898 3969 1081 4045 callositate
1098 3965 1227 4039 narium
1243 3966 1411 4039 foramina
1422 3963 1527 4038 subti-

565 4067 687 4161 liffima
701 4079 851 4153 inueniet
863 4131 875 4169 ,
889 4078 1010 4177 quibus
1022 4074 1130 4148 tenuis
1150 4076 1322 4150 inserenda
1336 4075 1382 4148 est
1393 4074 1525 4179 fistula,

525 4208 529 4228 ‘
566 4213 748 4289 perquam
768 4188 848 4277 ille,
865 4189 925 4286 qui
940 4210 1058 4263 curate
1071 4186 1194 4275 debet,
1214 4208 1254 4256 os
1272 4184 1409 4281 plenum
1437 4185 1524 4256 vino

566 4298 731 4385 insufflet,
741 4315 778 4370 ut
792 4321 921 4370 merum
936 4321 995 4393 per
1006 4293 1160 4367 foramen
1173 4293 1256 4365 illud
1266 4312 1426 4389 penetret.
1440 4296 1524 4386 Quo

567 4401 657 4494 sallo
669 4406 791 4484 oculus
803 4405 940 4508 incipiet
950 4403 1132 4485 lacrimare.
1145 4403 1308 4481 Velocius
1318 4424 1430 4479 autem
1443 4429 1524 4503 pro·
