3875 5759
593 941 1461 1043 nsunuunorruurrcn

588 1112 677 1181 Rara
700 1101 859 1202 ponenda
885 1098 951 1187 est,
978 1098 1110 1208 sarculo
1136 1065 1318 1173 deledaiur
1341 1101 1481 1178 affiduo.
1509 1101 1554 1179 src

587 1210 771 1288 liberandae
785 1208 860 1280 sunt
875 1206 1004 1296 herbis,
1021 1226 1210 1280 nemorum
1224 1208 1367 1283 sentiant
1383 1210 1418 1283 in
1432 1210 1556 1287 radice.

587 1323 624 1395 Si
639 1314 876 1392 transferendis
890 1314 1011 1410 plantis
1027 1317 1156 1407 nodum
1174 1314 1276 1389 facias
1289 1317 1325 1389 in
1345 1320 1476 1410 radice,
1491 1319 1558 1394 se's·

463 1491 468 1497 .
563 1425 772 1507 'liles‘fient
797 1427 902 1499 Nunc
929 1425 1032 1497 etiarn
1059 1426 1144 1499 locis
1165 1429 1358 1524 temperatis
1382 1429 1557 1505 &calidis

584 1536 745 1612 anethum
759 1536 914 1608 serernus.
928 1534 1082 1629 Cepullae
1096 1534 1250 1607 seruntur
1263 1538 1362 1610 etiam
1378 1540 1446 1614 hoc
1461 1565 1554 1616 mene

584 1648 643 1734 se,
658 1645 712 1717 vel
728 1663 861 1733 menta,
875 1643 914 1716 δι
928 1643 1116 1740 pastinaca,
1130 1644 1289 1741 thymum
1306 1649 1342 1719 &
1357 1630 1556 1743 origanum,

585 1758 625 1831 δι
646 1780 769 1855 cappas
787 1754 906 1827 menfis
928 1752 1037 1826 initio.
1058 1756 1138 1825 Item
1158 1753 1267 1825 betam
1292 1754 1378 1827 locis
1401 1756 1555 1830 ficciori·

584 1870 670 1955 bus,
684 1890 747 1940 nec
768 1888 841 1936 non
864 1885 1093 1938 armoraceum
1112 1861 1271 1952 feremus,
1293 1864 1554 1937 vel-transfere·

583 1972 661 2054 mus
681 1977 724 2048 ad
738 1974 849 2060 culta,
870 1991 907 2046 ut
923 1972 1047 2045 melior
1060 1967 1137 2045 fiat:
1157 1996 1234 2044 nam
1257 1971 1331 2045 haec
1354 1973 1552 2069 agrestisest

583 2087 766 2180 raphanus.
780 2082 882 2154 Nunc
898 2105 1040 2176 porrum
1057 2104 1167 2152 verno
1182 2079 1286 2165 satum
1300 2080 1477 2153 transferte
1491 2084 1552 2157 de·

581 2196 719 2277 hernus,
733 2210 770 2259 ut
787 2187 913 2261 crescat
934 2190 969 2260 in
985 2207 1095 2285 caput.
1118 2189 1194 2263 sane
1212 2191 1345 2266 sarculis
1364 2191 1550 2266 circumfo-

581 2298 692 2368 diatur
714 2292 861 2377 affidue‚
876 2294 913 2363 &
932 2291 1173 2386 comprehensa
1197 2296 1292 2389 porri
1314 2296 1426 2392 planta
1454 2298 1552 2371 velut

516 2460 525 2481 .
582 2404 756 2479 tenacibus
775 2401 966 2488 allevetur,
980 2419 1023 2472 ut
1036 2399 1177 2473 inanitas
1198 2393 1314 2498 spatii,
1330 2430 1406 2501 quae
1427 2407 1550 2481 radici·

581 2518 644 2592 bus
659 2512 1023 2604 suberit,incremento
1037 2507 1155 2607 capitis
1170 2510 1372 2608 suppleatur.
1386 2515 1550 2590 Ocimum

582 2651 722 2727 quoque
734 2624 836 2698 etiam
855 2647 946 2696 nunc
958 2621 1131 2716 letemus,
1145 2621 1240 2720 quod
1255 2622 1352 2695 citius
1373 2622 1461 2697 nasci
1477 2626 1548 2701 fer-⁸

580 2758 640 2810 tur.
658 2738 727 2810 hoc
749 2757 925 2834 tempore,
948 2731 973 2804 s1
993 2733 1080 2807 aceti
1104 2731 1211 2807 imbre
1232 2731 1355 2812 leviter
1378 2733 1549 2834 spargatur

581 2848 740 2922 mmmm.
838 2836 841 2844 ’
1238 2918 1241 2922 ,

596 2990 599 3000 ·
629 2959 705 3027 Xll.
724 2952 791 3024 Cui
807 2953 916 3045 placet
931 2970 1029 3024 curas
1043 2978 1139 3049 agere
1152 2952 1363 3042 seculorum,
1376 2953 1417 3026 de
1430 2954 1549 3051 palmis

578 3063 710 3155 cogitet
727 3060 953 3131 conserendis.
981 3061 1059 3131 Hoc
1081 3060 1184 3156 igitur
1201 3063 1313 3133 mense
1334 3063 1545 3161 dadylorum

579 3193 653 3241 non
671 3188 848 3256 veterum,
869 3165 924 3237 sed
947 3190 1124 3237 novorum
1145 3169 1378 3264 ac'pinguium
1399 3177 1546 3249 recentia

577 3279 648 3353 offa
677 3275 811 3351 debebit
841 3276 1011 3362 obruere,
1043 3293 1142 3347 terrae
1170 3275 1316 3348 cinerem
1344 3280 1492 3356 miscere.
1521 3288 1545 3358 sr

497 3433 501 3441 ·
579 3390 729 3485 plantam
746 3386 849 3475 velit,
862 3384 1022 3483 ponenda
1036 3375 1084 3457 est
1097 3384 1206 3483 Aprili
1224 3385 1354 3476 mense,
1367 3388 1423 3461 vel
1437 3391 1545 3487 Maio.

577 3496 680 3571 Locis
699 3495 881 3569 delectatur
903 3492 1027 3589 apricis
1045 3497 1083 3569 &
1097 3495 1226 3584 calidis.
1249 3500 1409 3570 Fovenda
1423 3502 1487 3593 est,
1509 3525 1546 3578 ut

575 3606 721 3690 crescat,
742 3606 897 3677 humore.
921 3606 1063 3678 Terram
1085 3607 1250 3697 solutam,
1267 3610 1321 3682 vel
1347 3610 1544 3688 sabulonem

503 3751 507 3760 ·
575 3716 738 3815 requirit,
757 3716 803 3788 ita
826 3735 961 3805 tamen,
981 3736 1019 3790 ut
1043 3720 1180 3816 quando
1202 3718 1315 3815 planta
1335 3722 1542 3817 deponitur,

572 3829 665 3903 circa
682 3852 777 3913 earn,
793 3825 848 3900 vel
863 3824 924 3898 sub
938 3852 977 3898 ea
997 3827 1134 3923 pinguis
1144 3846 1232 3899 terra
1252 3827 1419 3904 fundatur.
1444 3833 1542 3903 anni·

575 3938 653 4013 cula
666 3932 885 4007 transferatur
895 3955 953 4007 aut
966 3936 1071 4026 bima,
1081 3936 1183 4008 Junio
1198 3937 1307 4032 mense
1322 3938 1375 4007 vel
1386 3940 1401 4010 J
1405 3941 1475 4010 ulio
1491 3943 1541 4012 in·

572 4048 731 4142 cipiente.
746 4041 1023 4116 circumfodiatur
1039 4044 1181 4133 affidue,
1196 4063 1233 4117 ut
1258 4046 1426 4142 rigatione
1450 4029 1537 4122 con·

573 4157 669 4229 tinua
684 4152 801 4232 aettatis
819 4152 936 4225 vincat
955 4155 1104 4227 ardores.
1123 4154 1361 4251 Aquis'palmae
1376 4158 1537 4255 aliquate-

456 4317 460 4327 .
574 4257 735 4341 nussalsrs
750 4260 934 4355 juvantur,
948 4287 1027 4359 ¹quac
1043 4260 1136 4334 inlici
1150 4264 1273 4335 debent
1288 4264 1425 4355 salibus,
1438 4271 1537 4339 etiam

574 4372 703 4446 {itales
715 4387 770 4449 eas
788 4390 908 4447 natura
922 4397 995 4449 non
1011 4375 1167 4473 prebuit.
1190 4376 1226 4450 Si
1251 4402 1337 4477 aegra
1350 4378 1395 4453 est
1410 4382 1536 4469 arbor,
