3875 5759
526 927 528 930 ’
647 946 1274 1024 sruxiocronnn.
1377 975 1444 1049 179

480 1104 579 1179 faeces
598 1102 672 1181 vini
692 1104 816 1183 veteris
835 1104 1042 1201 ablaqueare
1058 1121 1198 1202 oportet
1219 1104 1374 1202 infundi,
1389 1110 1448 1181 vel

480 1216 630 1288 radicum
657 1216 863 1311 supervacua
883 1215 1119 1309 capillamenta
1145 1215 1274 1306 decidi,
1302 1218 1358 1289 vel
1384 1244 1446 1294 cu·
1530 1242 1537 1254 ·

480 1351 595 1399 neum*
613 1326 718 1399 salicis
747 1323 929 1406 inter-sollis
954 1325 1124 1422 radicibus
1152 1324 1270 1421 premi.
1303 1326 1449 1401 Constat

480 1454 615 1526 autem,
630 1436 745 1509 locum
759 1460 867 1532 prope
880 1434 981 1507 nullis
997 1435 1115 1507 utilem
1126 1433 1309 1524 sruslibus,
1324 1436 1360 1507 in
1376 1462 1449 1533 quo

449 1574 452 1589 ·
481 1541 601 1639 palmae
621 1541 742 1638 sponte
769 1544 961 1616 nascuntur.
983 1542 1122 1616 Piliacia
1148 1542 1301 1615 seruntur
1329 1547 1449 1621 ausiu-

481 1678 585 1737 runo,
607 1652 720 1725 mense
741 1654 909 1749 Osinium
929 1656 968 1728 &
990 1654 1165 1727 sobole&
1191 1654 1335 1729 nucibus
1359 1654 1449 1733 suis:

482 1765 538 1837 sed
564 1765 684 1844 melius
707 1765 775 1862 ipsa
800 1764 937 1860 pislacia
962 1760 1075 1857 junsla
1102 1781 1296 1857 ponuntur,
1318 1785 1388 1838 mas
1411 1771 1452 1843 ac

482 1873 618 1947 semina.
644 1900 769 1946 marem
797 1875 938 1959 dicunt,
958 1872 1016 1944 cui
1041 1871 1100 1942 sub
1126 1871 1225 1946 corio
1253 1872 1346 1944 velut
1368 1875 1452 1951 ossei

482 1985 579 2083 longi
601 1985 764 2057 videntur
784 1978 1066 2054 lateretesliculi.
1093 1979 1377 2079 Qui-diligentius
1401 1983 1455 2057 sa·
1509 2070 1514 2082 ι

482 2120 560 2167 cere
575 2095 725 2165 voluerit
737 2147 747 2180 ,
758 2089 911 2186 pertusos
923 2089 1106 2178 caliculos,
1119 2093 1156 2165 &
1171 2090 1349 2166 stercorata
1359 2112 1454 2170 terra

484 2204 635 2299 repletos
655 2203 806 2298 parabit,
825 2189 910 2288 &in
926 2203 978 2275 his
995 2203 1128 2298 pistacia
1143 2222 1236 2276 terna
1251 2204 1454 2294 constituet,
1542 2290 1545 2296 ,
1571 2193 1574 2198 ’

484 2333 524 2385 ut
536 2339 578 2385 ex
590 2315 749 2385 omnilnrs
759 2338 894 2416 germen
907 2315 1137 2410 quodcunque
1151 2316 1331 2411 procedat:
1342 2318 1453 2413 quod,

483 2423 542 2496 ubi
572 2421 786 2498 convaluerit
811 2422 945 2518 planta,
971 2420 1051 2507 hinc
1078 2422 1209 2499 facilius
1234 2423 1454 2498 transferatur
1512 2444 1516 2453 “

484 2535 596 2607 mense
611 2521 805 2606 Februario.
834 2539 934 2605 Amat
952 2533 1069 2605 locum
1083 2532 1250 2618 calidum,
1263 2531 1317 2604 sed
1331 2536 1454 2608 hume-

435 2673 439 2681 ¹
484 2646 586 2733 llum,
599 2644 637 2715 δι
650 2642 818 2740 rigatione
833 2642 967 2736 gaudet,
983 2642 1021 2711 &
1034 2639 1115 2710 sole.
1130 2638 1287 2726 lnseritur
1302 2642 1455 2715 terebin-

484 2756 547 2827 tho
568 2752 680 2824 mense
700 2750 883 2821 Februario
899 2748 956 2819 vel
978 2748 1128 2828 Martio:
1147 2765 1181 2818 at
1200 2748 1255 2821 alii
1270 2755 1455 2848 amygdalo
1554 2782 1557 2787 ·

484 2862 585 2937 inseri
599 2859 691 2955 polle
707 2855 893 2927 firmarunt.
908 2853 1051 2926 Cerasus
1065 2871 1154 2940 amat
1168 2857 1249 2928 coeli
1268 2856 1383 2933 siarum
1395 2861 1456 2934 fri·

487 2970 624 3068 gidum,
647 2964 755 3037 solum
779 2988 865 3035 vero
886 2963 1067 3060 positionis
1086 2964 1256 3041 humeslae.
1279 2968 1314 3040 in
1333 2974 1456 3068 tepidis

486 3078 684 3180 regionibus
699 3069 803 3172 parva
825 3074 997 3171 provenit.
1018 3073 1162 3160 calidum
1186 3102 1257 3153 non
1278 3082 1387 3175 potest
1401 3083 1457 3159 su·

486 3190 619 3263 slinere.
645 3204 806 3258 montana
821 3185 877 3259 vel
894 3186 933 3257 in
953 3185 1099 3259 collibus
1115 3186 1297 3260 constituta
1317 3192 1457 3289 regione

487 3302 630 3373 laetatur.
650 3294 762 3370 Cerasr
779 3295 926 3389 plantam
948 3294 1131 3369 srlveslrem
1154 3297 1332 3372 transferre
1349 3303 1458 3375 tlebe··

488 3436 562 3485 mus
584 3409 697 3504 mense
717 3406 864 3480 Oslobri
882 3406 940 3480 vel
963 3406 1177 3492 Novembri,
1193 3409 1230 3480 &
1253 3434 1325 3481 eam
1341 3410 1457 3507 primo

490 3518 670 3604 Ianuario,
698 3541 774 3588 cum
801 3512 1087 3609 comprehendit,
1111 3513 1263 3589 inserere.
1291 3518 1457 3597 Plantaria

490 3653 577 3703 vero
593 3624 699 3700 creari
721 3624 879 3720 possunt,
893 3623 917 3694 sr
933 3621 1098 3718 praediuis
1118 3616 1285 3697 mensibus
1299 3626 1458 3728 spargan.
1572 3652 1579 3658 ·

490 3757 548 3809 tur
567 3759 669 3830 poma
683 3787 694 3821 ,
707 3758 783 3829 quae
801 3730 926 3803 summa
942 3728 1102 3803 facilitate
1115 3730 1303 3829 nascentur.
1324 3740 1396 3831 Ego
1413 3738 1457 3814 src

491 3831 592 3938 liujus
615 3844 745 3917 arboris
768 3841 962 3915 facilitatem
990 3840 1157 3936 probavi,
1183 3860 1221 3914 ut
1246 3842 1390 3938 virgulta
1413 3872 1458 3920 ex

492 3954 609 4030 ceraso
631 3979 695 4049 pro
714 3951 926 4025 adminiculis
940 3975 1001 4047 per
1022 3949 1157 4024 vineam
1174 3951 1285 4047 posita
1304 3954 1339 4025 in
1354 3957 1459 4029 arbo-

492 4089 564 4135 rem
587 4061 772 4158 prosiluisse
797 4058 1009 4132 confirmem.
1032 4060 1073 4129 Et
1088 4059 1247 4131 Ianuario
1261 4061 1375 4133 mense
1395 4063 1458 4139 seri

494 4173 616 4269 potest.
641 4170 798 4242 Inseritur
819 4168 931 4240 mense
957 4166 1149 4240 Novembri
1171 4166 1310 4254 melius,
1332 4171 1457 4266 vel,nli
1549 4265 1551 4273 Ι

495 4280 623 4354 necesse
644 4280 702 4365 srt,
720 4297 873 4352 extremo
890 4277 1056 4351 Ianuario.
1080 4275 1196 4347 Alii&
1211 4276 1354 4350 Oslobri
1369 4280 1457 4354 inse·

496 4393 601 4469 reuda
613 4391 677 4466 esse
688 4379 866 4465 dixerunt}
876 4389 1036 4465 Martialis
1052 4389 1087 4464 in
1103 4406 1229 4564 trunpp
1243 4384 1343 4463 inseri
1353 4388 1457 4488 jubet.

1247 4517 1269 4567 2
