3875 5759
483 914 554 1009 46⁸
662 906 1267 987 tusotrrrortrn

483 1072 609 1147 reditus
621 1070 844 1168 percipiatur,
857 1088 1047 1158 nocerem
1062 1070 1086 1143 fi
1102 1096 1144 1144 ex
1158 1072 1279 1164 melle,
1293 1091 1453 1151 Merm-

483 1203 560 1270 ιιι-ι,
573 1186 632 1281 qui
646 1180 719 1253 sunt
737 1200 909 1255 curatores
921 1181 1035 1276 apium
1050 1185 1086 1254 δι
1099 1182 1227 1270 mellis,
1242 1186 1279 1254 ut
1294 1183 1342 1255 ait
1361 1190 1455 1256 Var-

483 1318 526 1367 ro
548 1320 580 1367 2.
599 1293 759 1389 Denique
779 1290 826 1364 est
850 1290 887 1362 in
907 1292 1131 1365 instrumento
1152 1292 1248 1365 fundi
1273 1314 1451 1382 rossorr,

483 1404 544 1501 qui
559 1399 769 1496 compeditus
790 1419 881 1491 erat,
896 1403 934 1475 8(
946 1401 1095 1473 tninimae
1113 1401 1327 1500 dignationis:
1342 1407 1452 1488 Unde

484 1539 549 1611 pro
573 1512 732 1588 inerti&
756 1511 888 1609 stupido
919 1511 1005 1584 dixit
1027 1513 1153 1585 Pettius
1178 1538 1216 1609 5³
1241 1540 1279 1585 tre
1305 1543 1379 1587 oum
1406 1518 1449 1590 fis

483 1619 694 1719 cercrafoffirr.
707 1620 877 1694 luvenalis
897 1645 940 1695 2:
958 1626 1147 1715 Squallidus
1163 1628 1198 1694 in
1211 1651 1328 1720 magna
1338 1628 1449 1717 fasti·

486 1739 537 1805 dit
555 1737 695 1826 compede
707 1729 817 1830 soffor.
837 1733 1011 1819 Messon,
1026 1728 1219 1828 refulsere,
1236 1734 1291 1806 vel
1305 1738 1449 1827 Foemse·

338 1845 349 1864 ²
483 1868 523 1914 ea
536 1869 550 1913 .·
564 1839 655 1911 illius
678 1837 823 1935 insigne,
842 1861 939 1909 more
960 1837 1085 1927 veteri,
1099 1856 1170 1910 erat
1184 1838 1319 1928 corbis,
1342 1842 1449 1936 hujus

485 1971 617 2022 corona
646 1968 665 2026 e
691 1944 807 2032 foeno,
826 1944 953 2017 Cicero
976 1968 1040 2039 pro
1069 1945 1206 2019 Sestiot
1233 1947 1389 2043 Meffrrria
1408 1955 1448 2046 se

484 2063 572 2131 corbe
592 2062 740 2131 contexti.
759 2055 906 2132 Ovidius
926 2058 1152 2152 Metamorph.
1179 2084 1239 2156 13:
1265 2062 1297 2128 0
1323 2068 1447 2153 quoties

485 2174 597 2241 habitu
624 2173 696 2239 duri
717 2165 851 2264 meffirris
876 2169 986 2268 aristas
1009 2172 1100 2239 Corbe
1124 2174 1216 2256 tulit,
1237 2172 1357 2261 verique
1376 2172 1450 2261 ficit

486 2279 623 2378 mefforis
642 2283 759 2373 imago.
780 2279 870 2349 Idem
896 2305 957 2368 14:
980 2281 1220 2373 Temporasope
1238 2280 1471 2374 gorrnsfoeno¹

485 2393 616 2482 religato
638 2390 769 2470 recenti,
790 2387 955 2477 Defet‘lum
969 2414 1094 2480 poterat
1113 2415 1239 2484 gramen
1262 2388 1383 2479 versare
1399 2394 1448 2461 vi·

486 2504 561 2570 deri.
582 2493 777 2591 Propertius
800 2520 840 2583 4:
854 2499 957 2584 Arma
969 2502 1031 2568 tuli
1045 2502 1201 2590 quondam
1213 2492 1271 2584 ,Gt
1288 2501 1448 2587 memini,

484 2610 640 2681 laudabar
660 2609 696 2677 in
719 2610 806 2691 illis,
820 2608 928 2677 Corbis
955 2632 991 2678 at
1010 2608 1151 2705 impofito
1172 2611 1308 2700 pondere
1333 2606 1450 2703 meffor

483 2745 580 2790 eram.
593 2713 739 2786 {bidente
760 2717 821 2784 Da
828 2714 965 2802 falcon,
982 2711 1015 2785 ἂ
1027 2738 1107 2785 torto
1112 2715 1251 2806 frontem
1265 2716 1344 2784 milti
1357 2742 1448 2785 com·

377 2834 381 2841 '
481 2833 581 2921 prime
587 2824 695 2915 foeno,
708 2828 836 2899 Iurabis
852 2827 953 2925 nostra
966 2831 1115 2920 gramina
1122 2826 1208 2917 seila
1220 2852 1329 2898 manu.
1342 2826 1448 2898 CER-i

487 2955 698 3021 nssNrsEcn,
713 2935 771 3031 qui
793 2935 828 3005 in
851 2936 959 3005 hortis
979 2939 1015 3008 δι
1039 2935 1147 3023 vineis
1168 2936 1319 3032 germina
1343 2936 1449 3013 sarcu-

485 3047 527 3119 lis
546 3046 704 3140 precidit.
724 3047 836 3115 Varro
853 3048 889 3115 L.
905 3048 941 3115 L.
954 3071 996 3134 4:
1009 3048 1157 3148 Faloulas
1180 3050 1239 3116 has
1260 3050 1445 3139 phoncillas

483 3155 684 3249 germinisecae
700 3176 823 3221 vocant.
838 3151 900 3220 Sed
915 3154 1036 3250 Pistor,
1050 3159 1200 3241 Molitor,
1218 3157 1362 3246 Coquus,
1377 3160 1446 3227 Fa·

484 3267 556 3358 ber,
572 3263 710 3353 Tonsor,
732 3262 847 3346 FuHo,
870 3263 1002 3348 Textor,
1017 3264 1055 3333 δι
1075 3262 1132 3333 alii
1156 3260 1293 3357 opifices
1303 3264 1358 3349 ,st
1382 3266 1447 3361 qui

483 3371 520 3443 in
546 3370 655 3442 fundo
682 3367 779 3456 sunt,
800 3365 1017 3440 continentur
1037 3370 1280 3458 instrumento,
1305 3394 1377 3441 non
1403 3392 1447 3447 ut

473 3478 582 3551 ‘fundi
605 3475 849 3565 instrumenta,
871 3475 925 3562 sed
943 3476 1176 3568 instrumenti,
1199 3502 1316 3574 nempe
1340 3478 1445 3552 fami·

483 3586 538 3659 liae
558 3583 709 3673 rustica,
734 3583 828 3679 cujus
851 3584 945 3658 causa
965 3604 1077 3683 parata
1098 3587 1197 3679 sunt,
1218 3609 1255 3662 ut
1278 3586 1366 3662 infra
1391 3589 1445 3661 di·

481 3718 606 3770 cemus.
1007 3688 1022 3754 s
1279 3728 1284 3733 ·

531 3807 600 3877 IV.
624 3805 818 3900 Sequuntur
841 3806 970 3902 reliqua
988 3806 1059 3879 duo
1083 3830 1204 3903 genera
1226 3807 1444 3883 instrumenti

482 3910 645 3999 animalis,
658 3918 793 3985 Pecudes
807 3916 844 3987 ὃ(
859 3921 1017 4000 Volucres,
1031 3939 1106 4011 quae
1125 3914 1219 3987 fundi
1230 3916 1370 3989 culturae
1388 3919 1444 3990 in·

481 4024 642 4098 serviunt.
653 4024 734 4096 Non
750 4025 862 4115 eninr,
882 4026 994 4122 stquae
1009 4025 1189 4115 habentur,
1208 4047 1246 4098 ut
1259 4027 1442 4101 dominum

480 4130 659 4204 lautiorem
680 4132 839 4221 reddant,
859 4132 1079 4205 iustrumento
1107 4134 1202 4205 fundi
1225 4138 1442 4211 annumerari

331 4318 336 4332 ¹
481 4241 745 4314 debentrsedhae
756 4243 877 4332 modo,
892 4244 958 4314 stne
973 4243 1095 4339 quibus
1110 4245 1195 4315 reeie
1208 4246 1357 4316 exerceri
1376 4272 1440 4318 ne·

480 4351 553 4446 quit
566 4347 733 4446 poffeffio.
747 4350 900 4448 ltaquefi
921 4350 1079 4423 dominus
1096 4350 1230 4452 paravit
1244 4376 1358 4449 greges
1376 4379 1441 4430 ve·
