3875 5759
372 902 377 919 '
453 916 528 1005 '374
624 902 1260 978 unanimitatis

459 1088 542 1141 cens
563 1065 669 1161 pallio
692 1065 763 1153 est,
785 1064 827 1137 de
850 1064 933 1138 tibia
957 1064 1150 1163 sanguinem
1177 1063 1348 1154 emittito,
1370 1059 1426 1137 lfi

459 1200 538 1248 nam
557 1173 721 1275 succidam
735 1173 980 1273 circumligato.
1000 1176 1117 1258 Cave,
1130 1200 1172 1247 ne
1188 1172 1348 1246 fomentis
1363 1191 1427 1247 aut

460 1285 613 1361 cauterio
633 1303 770 1381 tangast
791 1304 976 1383 utrumque
1000 1285 1090 1357 enim
1113 1287 1148 1357 in
1170 1286 1233 1367 tali
1246 1286 1427 1358 curatione

462 1390 670 1467 contrarium
691 1391 749 1467 esi.
771 1393 938 1489 Malagma
959 1396 1060 1465 cruda
1087 1396 1215 1482 uteris,
1238 1394 1342 1466 tertio
1369 1393 1427 1465 die

407 1498 409 1502 ’
462 1503 590 1595 semper
607 1499 713 1574 solvis
734 1505 889 1576 &curas
907 1493 995 1574 Cum
1015 1504 1141 1578 videris
1162 1502 1284 1577 animal
1304 1502 1427 1600 prose-

461 1606 559 1694 cisse,
573 1608 756 1708 caullicum
770 1608 913 1684 inducis.
932 1610 965 1681 Si
980 1611 1076 1707 quod
1099 1611 1286 1702 jumentum
1302 1636 1430 1684 coxam

462 1715 600 1814 fregerit
613 1738 671 1819 aut
682 1720 932 1819 supragambam
945 1776 957 1809 ,
970 1720 1075 1809 scias,
1092 1745 1164 1792 non
1182 1722 1274 1817 posse
1289 1721 1430 1810 curari,

464 1827 546 1923 quia
571 1837 682 1921 pat'tes
697 1828 767 1904 ista
787 1822 945 1926 ligatirras
957 1851 1070 1902 tenere
1086 1852 1157 1899 non
1181 1829 1328 1922 possunt.

391 2013 393 2018 ,
513 1937 612 2011 xxt.
631 1938 666 2009 Si
686 1936 873 2031 jumentum
888 1959 944 2011 aut
957 1959 1063 2028 rote,
1075 1954 1131 2011 aut
1148 1937 1219 2010 axis
1234 1937 1300 2039 ictu
1326 1935 1434 2007 suerit

466 2043 610 2136 elisum,
622 2046 656 2120 in
676 2048 805 2123 recenti
821 2050 932 2122 lanam
945 2048 1113 2123 succidam
1127 2072 1168 2120 ex
1184 2066 1279 2121 aceto
1294 2049 1331 2118 δι
1344 2046 1431 2117 oleo

466 2153 644 2251 colligabis
664 2180 724 2251 per
737 2153 908 2245 triduum,
924 2156 1000 2251 posi
1021 2155 1108 2230 sicus
1130 2153 1299 2250 duplices,
1314 2154 1351 2224 dc
1375 2149 1435 2222 ni·

470 2278 560 2336 trum
580 2263 704 2360 pariter
722 2266 839 2337 tritum
852 2265 1047 2361 imponito,
1062 2267 1116 2337 die
1132 2264 1237 2338 tertio·
1246 2261 1375 2333 solvito
1393 2285 1435 2333 ac

443 2365 448 2402 ¹
469 2392 651 2450 renovato.
678 2374 713 2448 si
733 2376 821 2467 nihil
845 2376 1046 2473 profecerit,
1069 2377 1231 2473 malagma
1245 2371 1436 2467 tetraphar-

471 2483 559 2558 maci
578 2486 753 2583 imponito
774 2513 833 2584 per
854 2488 1012 2560 triduum.
1028 2485 1061 2559 Si
1077 2488 1115 2560 dt
1136 2483 1204 2579 ipsa
1227 2479 1436 2570 tardaverit,

472 2590 663 2689 imponito
680 2598 909 2696 malagmam,
935 2623 1013 2695 quac
1048 2595 1174 2671 dicitur
1204 2591 1436 2681 meliacinus,

474 2701 579 2797 usque
604 2703 685 2778 dum
706 2704 849 2779 sanetur.
942 2725 945 2730 ’
1121 2700 1149 2734 “’

524 2814 640 2890 xxlt.
663 2815 890 2915 Symaticum
910 2812 1106 2909 jumentum
1118 2810 1172 2883 his
1185 2807 1379 2909 agnoscitur
1399 2806 1439 2879 s1·'

475 2919 562 3017 gnis.
582 2923 746 2998 Prodiens
761 2926 802 2995 de
822 2923 925 3020 equili
939 2922 1019 3010 „vel
1033 2921 1074 2994 de
1092 2920 1199 3006 loco,
1212 2918 1270 2989 ubi
1290 2916 1439 3006 steterit,

476 3052 602 3101 coxam
615 3031 735 3118 trahit,
751 3032 790 3104 δι
804 3029 1024 3103 transversam
1046 3027 1205 3124 ungulam
1225 3022 1358 3096 inflexis
1375 3047 1440 3095 co-

466 3135 573 3206 -ronis
594 3153 692 3206 terrae
715 3137 992 3231 superimponens
1016 3134 1185 3222 ostendit,
1210 3134 1247 3206 &
1271 3128 1442 3225 Syrmati·

477 3266 558 3318 cum
583 3268 601 3316 a
623 3245 857 3343 tragoedorum
883 3242 1013 3338 palliis,
1035 3266 1111 3337 quar
1139 3243 1336 3322 trahuntur,
1351 3236 1442 3308 dici·

476 3372 544 3428 tur.
561 3353 626 3428 Sed
644 3352 801 3451 quamvis
823 3351 962 3424 alienata
986 3351 1111 3423 horum
1132 3351 1189 3422 vel
1214 3364 1322 3421 emota
1346 3368 1440 3415 coxa

478 3465 696 3555 videatur,si
715 3462 811 3560 super
825 3463 931 3560 ipsum
953 3462 1071 3558 pedem
1087 3462 1197 3534 cessim
1213 3455 1443 3555 repellantur,

478 3573 643 3650 continue
655 3569 886 3645 emendabitur
899 3568 1044 3667 gressus,
1059 3570 1096 3641 &
1110 3568 1176 3638 sine
1190 3560 1443 3639 claudicatione

479 3684 594 3757 redus-
607 3682 749 3756 incedet.
770 3683 812 3752 Et
833 3677 896 3752 ha'c
910 3696 1023 3750 autem
1047 3675 1179 3747 ratione
1201 3670 1398 3767 contingit,
1417 3669 1444 3741 sr

481 3793 729 3870 commissuram
749 3790 927 3881 vertibuli,
946 3814 990 3861 eor
1013 3786 1237 3882 corruptione
1259 3782 1445 3878 corporis,

481 3908 541 3981 vel
558 3904 772 4003 perscidio'ne
784 3923 879 3975 natus
893 3902 1018 3973 humor
1032 3895 1228 3983 intraverit,
1243 3913 1323 3965 tunc
1336 3890 1368 3961 se
1382 3891 1446 3961 de-

481 4015 595 4090 fundit
609 4018 651 4090 ad
664 4038 810 4097 nervos,
825 4014 862 4085 &
875 4034 934 4083 eos
944 4007 1052 4081 reddit
1063 4004 1274 4086 immobiles,
1289 4002 1328 4072 δι
1348 4000 1447 4072 velut

482 4126 659 4201 alienatos.
682 4150 758 4223 quac
774 4124 836 4195 hac
857 4118 987 4193 ratione
1005 4135 1165 4189 curantur
1177 4139 1187 4185 ε
1200 4109 1340 4207 Sanguis
1357 4109 1390 4182 ei
1404 4111 1449 4181 de

368 4270 370 4275 ·
485 4235 665 4334 subgamba
681 4233 863 4309 detrahitur
880 4227 1057 4325 copiosus,
1072 4228 1106 4298 in
1121 4247 1191 4323 quo
1207 4222 1368 4295 admisces
1383 4222 1450 4313 sal,

486 4343 653 4445 sulphur,
671 4345 815 4422 marinas
828 4340 1175 4431 cochleas,mannam
1189 4333 1272 4409 turis
1281 4330 1453 4426 ‚seclam,
