3875 5759
598 897 729 969 xnus
755 895 968 971 VETEmN.
996 846 1096 970 srva
1123 900 1308 975 nuton.
1363 924 1432 1001 393

481 1053 603 1152 gressus
621 1055 791 1144 incertus.,
810 1057 958 1128 membra
973 1056 1132 1145 distensa,
1150 1058 1285 1133 difficile
1297 1082 1439 1157 progre-

481 1164 592 1251 ditur,
606 1165 642 1235 &
657 1163 849 1258 frequenter
871 1162 905 1234 in
931 1165 1152 1259 posteriorem
1173 1187 1299 1261 partem
1321 1169 1440 1241 conci-

483 1270 555 1356 dit,
572 1272 659 1341 unde
684 1271 954 1366 opisthotonicus
982 1272 1186 1343 nominatur.
1214 1275 1321 1364 Quod
1335 1299 1440 1370 genus

483 1380 640 1475 passionis¹
663 1381 770 1451 hieme
797 1405 912 1452 curare
925 1381 1072 1463 difficile
1091 1380 1158 1467 est,
1182 1378 1289 1452 allate
1307 1403 1441 1472 autem,

483 1486 712 1583 srdiligentio'r
729 1488 853 1575 sueriS,
868 1488 1046 1561 obtinebis.
1060 1491 1147 1579 Quae
1162 1488 1264 1581 pallio
1281 1513 1340 1584 per
1352 1490 1443 1562 aesla·

484 1612 551 1666 tem
573 1597 623 1667 his
647 1597 792 1670 nascitur
818 1597 981 1685 cansrs‚s1
1003 1595 1191 1691 jumentum
1217 1597 1443 1667 ardentislimo
1509 1679 1513 1686 ,

485 1701 585 1772 fuerit
596 1703 665 1774 sole
682 1704 887 1797 perculsum,
903 1704 958 1776 vel
971 1703 995 1773 st
1009 1704 1042 1772 in
1060 1702 1177 1772 itinere
1192 1702 1304 1795 priore
1313 1705 1444 1775 claudi·
1458 1792 1460 1795 y

483 1834 562 1881 cans
577 1812 680 1906 pede,
699 1815 849 1885 coadium
863 1811 964 1883 suerit
978 1809 1149 1880 ambulare
1164 1808 1221 1881 vel
1232 1835 1386 1897 currere,
1403 1814 1443 1884 dc

451 1987 453 1991 .
483 1920 715 1993 vehementius
727 1921 915 2005 sudaverit,
928 1943 972 1987 ex
983 1917 1126 2004 dolore,
1139 1918 1198 1987 vel
1211 1918 1232 1985 st
1244 1941 1373 1987 armum
1387 1918 1443 1989 lae-
1501 1993 1505 2005 f

483 2028 577 2118 serit,
590 2033 646 2102 vel
658 2032 755 2127 supra
772 2029 879 2125 ipsum
896 2018 1061 2122 jacuerit,
1082 2046 1118 2098 ut
1130 2051 1238 2099 armus
1251 2026 1445 2102 indormiat.

484 2141 603 2212 Hieme
621 2163 727 2211 autem
755 2165 831 2212 cum
852 2141 893 2211 de
916 2140 1036 2211 itinere
1059 2140 1115 2210 vel
1134 2141 1174 2211 de
1200 2140 1444 2212 exercitatione

485 2249 641 2336 venerit,
655 2252 693 2322 δε
710 2276 784 2321 cum
797 2240 918 2322 sudore
932 2248 1059 2320 steterit
1072 2249 1228 2321 subdivo
1248 2251 1282 2322 in
1299 2250 1444 2347 frigore,

484 2357 589 2434 autin
604 2357 684 2427 loco
700 2357 874 2457 (recenti)
883 2359 937 2429 vel
954 2360 1132 2447 homello,
1147 2378 1203 2433 aut
1214 2379 1443 2451 marmorato,

418 2532 423 2539 .
484 2466 550 2536 aut*
559 2465 742 2554 tessellato,
755 2468 812 2539 vel
830 2468 854 2538 st
872 2468 999 2564 frigore
1011 2468 1156 2539 maxillae
1171 2468 1441 2555 obdormierinr,
1471 2464 1474 2469 ’

485 2589 566 2645 tunc
581 2572 639 2644 isla
650 2574 814 2670 aegritudo
834 2575 1057 2647 contrahitur.
1075 2574 1144 2645 Cui
1156 2574 1218 2646 hac
1232 2576 1361 2648 ratione
1375 2593 1443 2645 ten·
1488 2656 1490 2664 Α
1505 2629 1511 2640 .

483 2682 567 2753 tabis
582 2674 789 2755 succurrere:
805 2681 924 2777 Adipis
935 2682 1086 2774 porcinae
1097 2680 1218 2753 veteris
1231 2682 1331 2753 libras
1347 2683 1441 2772 duas,

484 2788 598 2861 restnae
616 2786 815 2859 terbentinae
840 2781 1061 2876 semilibram,
1077 2787 1202 2885 piperis
1223 2790 1291 2862 triti
1321 2790 1444 2862 drach·

482 2921 591 2983 mam,
608 2920 692 2968 cerae
712 2896 854 2985 libram,
876 2891 944 2967 olei
961 2897 1085 2967 veteris
1105 2896 1264 2968 sextarios
1281 2898 1366 2971 duos
1381 2922 1443 2993 pa·

483 3006 564 3076 riter
583 3005 775 3101 decoquas,
791 3008 828 3077 δε
847 3006 1039 3077 calidissime
1058 3024 1166 3077 totum
1181 3005 1304 3079 animal
1319 3032 1443 3104 perun·
1459 3055 1463 3060 -

483 3139 549 3213 ges.
571 3117 669 3187 Multi
692 3131 813 3190 ervum
835 3117 1052 3213 decoquunt,
1074 3117 1307 3214 calentemque
1322 3142 1459 3214 aquam·

484 3225 586 3320 capiti
605 3226 705 3321 ipsius
727 3226 913 3325 languentis
936 3227 1130 3322 imponunt.
1148 3225 1216 3297 Alii
1241 3226 1276 3298 in
1296 3226 1443 3298 stercore

482 3334 631 3429 ipsorum
654 3336 764 3408 calido
783 3339 933 3407 obruunt
945 3353 1216 3431 aegtotantes,ut
1229 3334 1372 3431 languor
1385 3360 1444 3407 ex·
1491 3377 1494 3384 ·
1556 3339 1559 3344 ’
1605 3395 1612 3406 ,

483 3439 589 3512 sudet.
611 3442 765 3534 Plerique
781 3440 935 3536 colligata
950 3440 1099 3530 jumenta
1124 3442 1343 3512 commodum
1365 3467 1440 3514 cre·

483 3547 570 3616 dunt
584 3547 691 3616 arenis
712 3546 782 3617 sole
804 3545 1013 3617 ferventibus
1030 3546 1176 3641 operire.
1198 3551 1280 3620 Haec
1302 3573 1441 3647 quoque

483 3656 584 3752 potio
601 3655 740 3727 traditur
762 3655 929 3749 salutaris:
949 3655 1075 3750 Pipetis
1088 3656 1159 3728 triti
1173 3682 1274 3753 grana
1297 3657 1441 3753 viginti,

483 3764 576 3837 cedri
599 3764 733 3858 pondus
748 3764 874 3836 denarii
886 3818 897 3853 ,
910 3764 989 3834 nitri
1001 3765 1133 3836 unciam
1148 3790 1270 3852 unam,
1285 3765 1441 3836 mixture

482 3873 594 3945 laseris
606 3872 788 3969 Cyrenaici
803 3873 977 3972 globulum
995 3873 1038 3943 ad
1057 3873 1318 3969 magnitudinem
1333 3871 1440 3962 fabae',
1515 3921 1519 3932 ·
1598 3851 1605 3862 ⁶

482 3982 561 4051 trita
583 4002 680 4075 atque
703 3981 890 4075 permixta,
907 3980 1018 4052 addita
1044 3979 1236 4078 liquaminis
1263 3978 1358 4053 floris
1380 3980 1440 4051 he·

484 4091 645 4181 mina,&
667 4093 740 4165 vini
765 4094 886 4166 veteris
908 4092 1065 4187 [summi]
1089 4093 1233 4165 sextario
1257 4093 1308 4163 bis
1331 4093 1366 4164 in
1385 4092 1438 4165 die

484 4223 545 4294 per
570 4224 609 4272 os
627 4202 764 4298 digeras,
784 4205 965 4298 Expertum
987 4204 1134 4294 dicitur,
1157 4202 1350 4298 sanguinem
1372 4203 1437 4275 bu·

485 4310 637 4387 bulinum
661 4313 806 4391 calidum
827 4316 865 4389 δι
890 4314 1072 4389 fumantem
1084 4368 1096 4408 ,
1114 4313 1169 4387 sed
1187 4312 1357 4387 moderate
1378 4338 1437 4412 per
