3875 5759
557 863 626 961 με
723 860 1334 939 namuurum.

600 1024 718 1110 XXX,
728 1022 905 1097 Sciendum
925 1020 973 1094 ell
983 1036 1109 1111 autem,
1123 1020 1241 1096 tubera
1256 1020 1291 1095 io
1305 1008 1511 1117 corporibus

551 1130 744 1231 frequenter
763 1127 952 1203 excrescere
962 1182 983 1219 ,,
999 1155 1075 1225 quae
1100 1130 1213 1204 Graeci
1236 1149 1417 1205 oncomata
1440 1153 1511 1204 vo·

433 1269 439 1282 ·
550 1263 639 1319 cant.
660 1246 788 1316 Horum
811 1240 913 1313 variae
930 1239 1108 1338 qualitates
1129 1240 1166 1314 δι
1189 1239 1320 1315 diversa
1344 1241 1419 1314 sunt
1438 1264 1509 1314 no·
1593 1292 1597 1300 -

514 1425 518 1436 ,
550 1355 653 1428 mina.
670 1354 837 1422 Stentoma
861 1348 908 1422 ell
926 1350 1046 1438 tuber,
1060 1350 1155 1447 quod
1177 1349 1212 1422 in
1234 1350 1266 1423 se
1289 1349 1421 1449 adipem
1451 1346 1520 1422 vel'

550 1457 784 1560 pinguedinem
804 1457 971 1530 continet.
992 1457 1160 1532 Meliceris
1179 1458 1227 1531 est
1243 1460 1362 1550 tuber,
1379 1460 1414 1532 in
1437 1481 1511 1555 quo

551 1593 632 1644 caro
652 1565 843 1662 inspiffata,
866 1567 1047 1663 quomodo
1063 1566 1101 1640 in·
1122 1568 1298 1659 verrucis,
1324 1568 1511 1642 invenitur.

548 1676 761 1776 Aneurysrna
775 1675 830 1774 pst
851 1676 975 1765 tuber,
995 1676 1030 1749 in
1051 1699 1124 1774 quo
1146 1675 1274 1773 sanguis
1299 1665 1511 1772 conspiratus

548 1788 662 1862 uberis
685 1812 780 1858 venae
801 1785 915 1858 fimilis
930 1784 1114 1860 invenitur.
1130 1785 1312 1858 Atheroma
1325 1784 1371 1857 est
1387 1785 1488 1857 tuber
1497 1837 1512 1870 ,
1552 1795 1555 1803 '

548 1898 670 1995 inquo
689 1896 836 1970 farinola
857 1894 1036 1994 congeries
1060 1894 1236 1993 reperitur.
1259 1894 1430 1990 Ganglion
1462 1892 1514 1965 est

547 2011 670 2100 tuber,
692 2010 787 2108 quod
807 2007 846 2083 fit
866 2033 909 2082 ex
929 2007 1160 2106 duplicatione
1179 2006 1302 2096 nervi,
1319 2005 1431 2078 limilis
1455 2021 1512 2075 tu·

549 2120 635 2194 bero
658 2119 878 2192 cumdolore
902 2117 1083 2191 immobili.
1109 2117 1241 2189 Horum
1264 2116 1417 2189 omnium
1440 2137 1514 2186 una

549 2229 597 2301 est
630 2228 772 2299 curatio.
798 2228 989 2297 lomentum
1020 2223 1216 2322 colligatum
1244 2222 1448 2319 deponitur,
1473 2223 1515 2296 &

532 2325 667 2411 ¹contra
694 2335 816 2408 locum⁸
836 2334 940 2407 causae
966 2333 1082 2432 sagitta
1102 2349 1161 2404 aut
1185 2330 1345 2427 scalpello
1371 2331 1408 2399 in
1434 2327 1514 2399 lon·

507 2527 510 2531 ,
546 2470 627 2552 gum
649 2444 820 2516 dextrane
835 2442 960 2517 finillra
978 2466 1042 2538 pro
1069 2439 1223 2514 mensura
1243 2437 1387 2514 tumoris
1405 2434 1514 2534 aperi·

548 2549 629 2642 rur,
641 2554 688 2627 ita
706 2575 743 2627 ur
755 2554 864 2628 media
878 2553 1013 2632 fasciola
1029 2552 1140 2642 cutis,
1157 2576 1234 2649 quae
1246 2551 1342 2648 supra
1355 2551 1514 2624 tuberum

549 2664 624 2751 eil,
655 2664 779 2740 inradia
808 2685 1010 2760 permaneat.
1029 2663 1118 2737 -Poll
1153 2660 1271 2759 egellis
1303 2662 1360 2734 vel
1388 2659 1514 2734 eversis

549 2770 736 2860 omnibus,
755 2799 832 2868 quae
853 2797 1022 2847 tumorem
1038 2787 1217 2847 moverant
1230 2823 1243 2858 ,
1255 2766 1516 2843 medicamentis

550 2883 843 2979 competentibus,
862 2910 1010 2981 ea,quae
1027 2884 1123 2983 supra
1142 2883 1307 2958 declarata
1321 2881 1415 2971 sunt,
1429 2904 1513 2978 pro·

550 2992 685 3063 ducitur
710 2993 753 3065 ad
772 2994 977 3069 cicatricem.

599 3101 733 3171 XXXL
755 3102 790 3173 Si
813 3101 968 3195 jumento
992 3101 1108 3196 lingua
1135 3100 1236 3173 fuerit
1254 3098 1381 3188 incisa,
1403 3098 1514 3172 statim

552 3230 630 3280 cum
659 3204 772 3280 fibulis
797 3208 982 3293 consuito,
1007 3208 1128 3280 deinde
1156 3208 1241 3281 vino
1266 3209 1410 3294 lavato,
1437 3204 1515 3303 post

491 3388 494 3396 ,
551 3312 673 3411 gallam
696 3314 833 3388 tundito
847 3318 885 3388 δι
899 3314 1075 3411 pulverem
1099 3315 1254 3405 cernito,
1268 3339 1310 3388 ex
1332 3340 1375 3387 eo
1396 3315 1512 3412 impo-

474 3437 480 3446 '
552 3422 630 3512 nis,
649 3421 761 3497 donec
782 3422 925 3496 sanetur.
947 3422 1001 3496 cui
1020 3422 1114 3495 dabis
1134 3421 1266 3496 foenum
1281 3422 1513 3498 mollillimurn

552 3528 728 3608 concisum
740 3582 752 3616 ‚
775 3532 814 3606 δι
834 3556 898 3627 pro
911 3532 1043 3604 hordeo
1056 3531 1211 3607 furfures.
1234 3531 1512 3634 Alii,pollquam

553 3638 674 3713 fibulas
689 3644 899 3738 acceperint,
913 3644 1091 3742 linguaque
1106 3645 1192 3719 vino
1207 3643 1307 3717 fuerit
1322 3643 1434 3732 elota,
1448 3641 1514 3715 mel

552 3753 800 3849 imponendum
824 3756 887 3829 elle
910 3756 1103 3846 duxerunt,
1123 3774 1161 3828 ut
1176 3754 1307 3853 plagam
1330 3771 1449 3852 purget
1474 3755 1513 3829 δι

553 3882 660 3937 curet.
684 3864 738 3937 Ad
761 3863 917 3939 ultimum
940 3890 985 3938 ex
1000 3865 1249 3963 malogranato
1271 3864 1513 3964 pulveremim

553 3991 716 4065 iecerunt.
930 4022 932 4025 -
1465 4023 1470 4030 -
1508 4055 1510 4060 ¹

609 4084 755 4155 XXXII.
780 4081 815 4156 Si
841 4074 995 4186 jumento
1021 4082 1250 4159 loculamenta
1278 4082 1429 4158 dentium
1445 4079 1514 4175 ,id

553 4187 627 4273 est,
649 4189 796 4287 gingiva
819 4190 874 4263 vel
900 4192 1016 4266 dentes
1036 4190 1229 4283 doluerint,
1246 4191 1296 4264 his
1318 4191 1513 4289 agnoscitur

435 4304 437 4310 '
553 4293 672 4392 siguis:
688 4300 862 4374 Hordeum
879 4297 1022 4374 solidum
1035 4298 1175 4397 glutiet,
1198 4296 1374 4393 mucescit,
1393 4299 1511 4377 saliva·

591 4540 609 4592 s
