3875 5759
582 847 689 975 ιιι.
730 904 817 1012 xn.
856 888 1290 983 uufvssusrn.
1353 927 1420 1009 ¹99
1467 923 1470 928 ·

460 1080 619 1136 truncum
642 1065 761 1137 deber!
780 1062 951 1152 suffundi,
973 1085 1011 1138 ut
1031 1065 1073 1139 ad
1098 1067 1222 1141 radices
1243 1058 1415 1143 instillatio
1446 1124 1448 1128 -

460 1168 532 1263 ipsa
558 1170 742 1246 descendat.
772 1174 872 1246 Tunc
900 1172 1125 1269 adjiciendum
1152 1194 1239 1247 terra
1262 1176 1419 1249 laetamen

460 1280 631 1370 admixta,
649 1286 687 1355 &
705 1282 794 1356 circa
810 1281 938 1355 radices
950 1281 1058 1353 solum
1078 1307 1182 1356 omne
1202 1285 1420 1360 vertendum.

507 1390 569 1459 xl.
594 1391 763 1481 Quamvis
783 1388 896 1462 meuse
920 1389 1102 1462 Februario
1125 1390 1189 1462 sint
1211 1392 1418 1466 conserenda

459 1493 598 1582 rosaria,
616 1514 728 1568 tamen
743 1496 829 1572 locis
845 1496 984 1585 calidis,
1006 1496 1151 1591 apricis,
1166 1514 1266 1595 atque
1284 1499 1415 1570 mariti·

458 1603 522 1674 mis
549 1603 617 1676 hoc
642 1605 741 1679 etiam
766 1606 877 1680 mense
898 1606 1082 1703 poterimus
1103 1597 1273 1679 instituere
1293 1609 1417 1683 roseta.

456 1736 533 1808 quae
556 1712 580 1784 sr
607 1713 739 1813 indigus
760 1716 948 1811 plantarum
971 1714 1123 1788 volueris
1143 1738 1185 1786 ex
1206 1715 1318 1810 paucis
1339 1714 1412 1789 vir·

358 1847 361 1851 ⁴
454 1819 541 1916 gulis
562 1821 683 1896 habere
697 1820 859 1919 copiosa,
880 1841 1124 1918 quaternorum
1146 1819 1327 1914 digitorum
1341 1819 1412 1891 sur·
1547 1847 1551 1851 “

454 1931 553 2004 culos
575 1951 780 2028 gemmantes
798 1931 878 2005 cuni
897 1928 1063 2025 geniculis
1079 1927 1145 2001 uis
1165 1928 1307 2000 debebis
1318 1927 1415 2001 exeis

453 2039 552 2129 dere,
569 2044 633 2133 [δι]
648 2041 685 2112 in
697 2041 836 2113 modum
852 2036 1044 2136 propaginis
1058 2036 1222 2146 sletnere,
1242 2037 1313 2131 [dt]
1327 2036 1410 2108 dees
1490 2085 1496 2095 ·
1547 2078 1551 2087 ·

454 2170 538 2219 core
567 2173 606 2225 ac
632 2147 852 2246 rigationibus
880 2148 1062 2243 adjuvare·
1084 2148 1142 2221 ubi
1168 2148 1247 2221 anni
1275 2167 1408 2237 aetatem

452 2256 725 2349 compleverint,
742 2258 833 2381 pedis
854 2257 992 2355 spatio
983 2277 1070 2331 inter
1086 2252 1118 2331 se
1140 2256 1317 2335 transferre
1337 2258 1406 2330 dis·

447 2359 608 2456 junelos,
621 2381 722 2464 atque
740 2367 787 2441 ita
805 2366 916 2441 solum
927 2368 1054 2465 ,quod
1072 2366 1152 2444 huic
1165 2392 1279 2466 generi
1269 2367 1404 2509 depu-

449 2471 534 2543 tabis
543 2470 723 2569 ,impleret

437 2583 571 2655 ·.X11
591 2584 719 2657 Graccis
732 2585 969 2666 afferentibus,
987 2602 1025 2655 ut
1039 2609 1141 2655 uvam
1157 2583 1292 2656 serves
1284 2608 1318 2652 ιιι
1332 2581 1424 2654 vire·

441 2686 552 2783 usque
573 2690 744 2763 advenis
734 2693 854 2776 initia,
870 2691 958 2764 circa
975 2691 1080 2785 ipsam
1090 2691 1199 2763 vitem
1211 2716 1334 2792 ,quae
1329 2690 1403 2778 frug

446 2798 501 2869 slu
520 2796 625 2917 plena·
637 2798 706 2884 est,
721 2796 809 2870 loco
824 2796 987 2868 umbroso
1007 2796 1158 2867 scrobem
1176 2794 1311 2885 fodies,
1324 2781 1402 2866 alti·

446 2901 565 2974 tudine
585 2902 682 2975 trium
703 2906 845 3000 pedum,
858 2905 1036 2977 latitudine
1056 2906 1223 2990 duorum,
1239 2906 1277 2977 δι
1297 2904 1401 2977 mittis
1453 2914 1456 2922 '

447 3009 713 3101 sabulonem,&
734 3015 785 3086 ibi
802 3015 949 3087 calamos
973 3013 1092 3111 figis,
1082 3040 1121 3086 ιιι
1142 3014 1263 3111 quibus
1287 3031 1399 3084 retor-

444 3118 563 3213 quebis
586 3121 707 3195 allidue
728 3122 892 3195 sarmenta
914 3123 1075 3195 fructibus
1093 3121 1192 3218 plena
1204 3124 1269 3210 ,δι
1290 3119 1399 3198 illaefis

444 3229 674 3327 botryonibus
693 3232 870 3330 alligabis,
893 3254 931 3306 ut
949 3234 1155 3305 solumnon
1174 3230 1374 3334 contingant
1387 3281 1411 3312 ‚.

443 3338 482 3409 δι
509 3339 709 3434 cooperies,
732 3360 770 3414 ut
789 3342 897 3413 imber
923 3367 967 3415 eo
991 3359 1166 3436 penetrare
1186 3364 1258 3412 nou
1285 3340 1397 3434 possit.

369 3520 377 3527 ,
441 3446 525 3515 ltem
548 3446 677 3520 Graecis
689 3447 889 3520 docentibus
905 3474 991 3521 uvas
1003 3450 1039 3520 in
1063 3450 1155 3536 vite,
1168 3468 1225 3521 aut
1241 3473 1341 3543 poma
1359 3447 1396 3519 in

442 3551 563 3621 arbore
584 3552 681 3624 fidiu
699 3553 830 3625 servare
844 3554 1018 3642 volueris,
1037 3556 1180 3631 vasculis
1193 3554 1300 3630 clausa
1312 3552 1396 3628 fidi·

441 3655 530 3731 libus
550 3658 616 3728 ab
606 3685 671 3732 nna
685 3675 779 3759 parte
791 3660 929 3756 pertusis
948 3662 1152 3770 diligentera
1168 3666 1297 3736 summo
1310 3662 1395 3736 teda

440 3763 623 3861 suspende,
635 3770 793 3866 quamvis
804 3773 1078 3870 poma&gy.pso
1092 3771 1396 3867 coopertainlon·

374 3915 376 3919 ·
440 3896 516 3968 garn
537 3874 709 3947 serventtu
726 3896 866 3954 aetatem.

488 3986 578 4056 Xlll
602 3986 680 4058 Hoc
703 3987 811 4061 mense
826 4012 990 4086 agnorum
1012 3987 1119 4083 prima
1138 3983 1310 4086 generatio
1334 3979 1393 4057 est.

443 4088 499 4161 sed
520 4118 625 4189 agnus
654 4094 760 4168 statim
787 4117 885 4171 natus
910 4096 1069 4171 uberibus
1093 4095 1250 4169 maternis
1275 4093 1393 4164 admo·

443 4202 573 4274 vendus
597 4204 652 4279 est.
669 4231 769 4278 manu
790 4208 881 4304 prius
905 4227 1015 4282 tamen
1036 4207 1197 4305 exiguum
1219 4202 1331 4289 lassis,
1355 4201 1395 4275 in
1444 4197 1446 4202 ’

441 4330 518 4406 quo
539 4305 667 4406 spiffior
680 4312 725 4387 ert
743 4316 1109 4417 natura,·mulgendum
1123 4309 1309 4488 {gst’qmd
1331 4335 1391 4408 pa·

1183 4444 1206 4508 4
