3875 5759
491 869 555 972 ²3:
655 916 786 989 anns
812 911 1028 988 versatu.
1051 910 1149 983 srvu
1176 855 1365 986 truiou.
1424 938 1489 1012 373
1576 1011 1584 1028 .

510 1099 512 1104 ·
534 1091 616 1149 tunc
634 1074 757 1148 animal
777 1072 919 1169 capistro
940 1072 1080 1144 trahunt
1094 1072 1164 1159 ,·&
1186 1068 1302 1141 sensim
1328 1089 1491 1161 currunt,

534 1186 618 1260 alius
631 1187 741 1257 lotum
756 1187 809 1257 vel
821 1184 917 1255 funes
929 1202 1048 1262 tenens
1062 1181 1156 1252 laxos
1170 1178 1341 1275 sequitur,
1355 1181 1393 1253 δι
1407 1173 1491 1252 subi-

533 1310 592 1381 το,
609 1294 690 1366 dum
703 1292 827 1365 animal
843 1290 972 1380 currit,
987 1289 1074 1361 resia
1086 1288 1128 1360 ad
1143 1289 1174 1360 se
1194 1311 1317 1360 coxam
1330 1285 1399 1382 ipse
1411 1312 1491 1378 ⁴cum

532 1401 663 1498 impetu
684 1403 796 1476 trahit.
816 1402 840 1473 st
864 1400 1035 1489 sonuerit,
1053 1398 1134 1473 scias
1157 1398 1239 1471 loco
1264 1397 1324 1470 suo
1349 1396 1492 1488 redisse,

531 1516 772 1612 paululumque
784 1514 930 1599 cessabis,
946 1511 1022 1609 poll
1036 1511 1151 1585 sensim
1165 1511 1409 1596 deambulando
1419 1528 1492 1583 ten·

531 1621 628 1695 tabis.
650 1624 684 1697 si
705 1627 747 1696 ad
770 1624 884 1697 locum
911 1621 1002 1694 suum
1026 1620 1182 1709 redierit,
1206 1622 1365 1691 tetradios
1389 1619 1491 1714 pedes
1519 1673 1529 1686 ,

530 1730 655 1823 ponit,
681 1733 852 1805 &minus
883 1726 1238 1817 claudicat,‘ulterius
1264 1726 1384 1798 animal
1415 1752 1488 1800 nou

526 1840 761 1930 ·convexabi3‚
780 1842 835 1915 sed
858 1842 1007 1913 triduum
1021 1836 1222 1909 fomentabis
1240 1836 1345 1907 calida
1369 1839 1489 1909 verbe·

516 1972 645 2037 necea,
661 1949 736 2044 poll
764 1947 943 2022 caudicum
960 1946 1109 2017 induces.
1129 1944 1236 2035 Quod
1253 1944 1283 2015 .sr
1304 1944 1409 2040 prima
1433 1944 1488 2016 die
1547 1956 1549 1959 ’

525 2054 680 2150 junclura
700 2056 864 2151 componi
883 2078 954 2126 non
981 2053 1114 2149 potest,
1139 2050 1281 2127 secunda
1310 2053 1363 2125 die
1389 2045 1487 2128 simili

527 2165 660 2237 tatione
678 2189 801 2236 coxam
816 2161 939 2263 saepius
954 2162 1076 2251 trabis,
1099 2164 1210 2235 donec
1232 2180 1421 2236 revertatur
1444 2161 1486 2234 ars
1588 2217 1590 2221 s

526 2273 653 2345 locum.
674 2272 849 2369 Quidquid
863 2291 972 2345 autem
985 2296 1152 2347 uexatum
1174 2272 1229 2345 vel
1250 2290 1399 2345 emotum
1414 2271 1486 2343 sue·

525 2381 590 2469 rit,
603 2380 661 2452 vel
673 2380 740 2452 issu
754 2399 859 2471 rotae,
875 2401 933 2453 aut
951 2406 1159 2477 quocunque
1171 2380 1241 2453 alio
1253 2382 1328 2454 casu
1341 2380 1375 2451 in
1392 2379 1483 2475 ptio-

525 2489 618 2562 ribus
639 2489 695 2562 vel
722 2489 965 2583 posterioribus
987 2489 1136 2587 partibus
1158 2487 1405 2573 vesanientis,
1426 2486 1483 2559 vel

522 2597 687 2693 genibus,
712 2598 781 2671 hoc
798 2597 997 2670 anacollima
1011 2595 1209 2688 constringit
1223 2597 1260 2667 &
1282 2594 1483 2669 consolidat.
1595 2613 1597 2618 ’

523 2703 649 2789 Bulbos
662 2705 757 2775 rusos
773 2703 907 2798 triginta
921 2754 932 2788 ‚
953 2702 1111 2774 cochleas
1122 2699 1227 2773 vivas
1235 2700 1367 2794 triginta
1376 2753 1387 2787 ,
1401 2726 1482 2771 ana·

522 2813 634 2907 gallici
655 2814 773 2884 libram
797 2838 829 2897 t,
846 2809 1044 2904 plantaginis
1058 2807 1176 2880 viridis
1195 2834 1332 2880 manum
1348 2801 1479 2904 plenam

522 2907 768 3014 diligentissime
797 2916 1037 2991 contundis&
1066 2915 1208 3004 misces,
1225 2916 1345 2990 additis
1372 2919 1480 3008 tribus

521 3026 621 3113 ovis,
634 3052 710 3100 cum
734 3026 827 3121 stupa
848 3025 1021 3118 imponis,
1037 3026 1075 3097 &
1091 3026 1251 3123 colligas,
1265 3025 1374 3100 laxata
1394 3052 1479 3103 con·

520 3136 660 3234 slringet
680 3139 719 3211 δι
741 3134 916 3210 tumefacla
936 3134 1071 3208 sedabit.
1178 3134 1182 3141 ’
1478 3225 1480 3229 Υ

578 3250 674 3335 Xlls.
694 3248 728 3319 Si
751 3245 905 3339 jumento
925 3246 1025 3320 laccae
1051 3263 1156 3318 enatae
1177 3246 1302 3321 suerint
1323 3248 1358 3320 in
1382 3271 1478 3347 gam··

518 3356 591 3444 bis,
608 3359 659 3430 his
671 3356 862 3455 agnoscitur
881 3355 989 3452 fignis.
1007 3359 1139 3429 Dextra
1160 3382 1201 3429 ac
1223 3358 1346 3431 sinislra
1368 3362 1410 3431 ad
1431 3360 1476 3432 sr-

518 3469 742 3546 militudinem
767 3466 888 3539 vesicae
907 3463 1079 3535 inflabitur
1099 3464 1195 3539 cutis.
1216 3468 1409 3539 Curandum
1427 3470 1475 3541 est
1526 3489 1528 3494 ·

518 3600 632 3647 autem
644 3577 707 3684 hac
731 3576 883 3662 ratione,
895 3601 961 3672 qua
986 3574 1104 3670 flegma
1117 3576 1152 3647 in
1172 3577 1312 3673 genibus
1328 3572 1495 3652 diximus

518 3701 680 3778 oportere
702 3685 820 3757 curari.
835 3684 890 3756 Esl
910 3687 947 3759 δι
966 3684 1030 3756 alia
1043 3684 1216 3757 medicina.
1232 3692 1374 3775 Lentes‚
1397 3712 1475 3781 quac

518 3791 617 3885 supra
637 3815 758 3886 aquam
782 3810 918 3881 natant,
943 3791 1133 3887 colligis&
1157 3794 1360 3882 contundis,
1376 3793 1474 3865 addi·

517 3918 619 3995 caque
640 3897 748 3983 veteri
774 3899 918 3996 axungia
940 3900 1127 3997 colligabis.
1151 3902 1279 3974 Vitium
1305 3900 1473 3976 exsiccare

518 4010 724 4102 perhibetur.
743 4008 906 4105 Si'gamba
926 4010 984 4083 vel
996 4033 1110 4083 armus
1118 4011 1236 4106 aliquo
1248 4012 1331 4086 loco
1349 4035 1391 4081 ex
1404 4010 1473 4083 islu

518 4114 635 4207 aliquo
657 4134 785 4186 tumere
812 4115 979 4216 coeperit,
1004 4133 1126 4191 cretam
1148 4118 1328 4191 Cimoliam
1352 4118 1391 4191 &
1414 4142 1472 4189 ru·
1523 4117 1525 4121 ’

520 4215 647 4290 bricam
668 4243 710 4289 ex
727 4240 824 4293 aceto
842 4223 1003 4294 acerrimo
1024 4222 1176 4297 miscebis
1196 4228 1233 4298 δι
1253 4221 1389 4296 oblinis.
1518 4311 1521 4316 ¹

571 4326 654 4401 XX.
671 4327 707 4400 Si
725 4328 919 4426 gambosum
942 4330 1063 4406 fadum
1082 4329 1182 4404 suerit
1202 4330 1401 4439 animabo&
1420 4355 1475 4421 req

536 4446 540 4455 '
1012 4441 1026 4470 ⁸
1147 4444 1212 4512 Aa
1240 4467 1260 4535 3.
