3875 5759
481 893 551 996 358
649 893 982 967 vaeniit
1030 892 1157 963 nin.
1207 891 1274 962 m.

386 1051 396 1064 ⁸
481 1054 569 1132 scuis
590 1055 655 1128 bos
676 1053 870 1149 improvide
889 1051 1136 1149 supercumbit‚
1159 1048 1294 1122 stimulo
1312 1047 1455 1121 morsus

480 1162 691 1257 imprimunt.
704 1166 855 1236 Araneus
869 1186 1024 1260 quoque,
1037 1186 1137 1256 quem
1152 1158 1264 1232 Graeci
1280 1157 1454 1255 Mygalen

479 1272 671 1367 appellant,
689 1271 786 1366 pnrvi
800 1270 935 1366 quidem
951 1267 1127 1365 corporis,
1144 1290 1215 1337 non
1232 1290 1377 1360 parvam
1392 1263 1455 1337 so·

481 1379 529 1453 let
550 1379 673 1452 inferre
689 1381 883 1476 perniciem.
905 1383 1033 1452 Verum
1055 1376 1183 1473 viperae
1199 1400 1373 1448 venenum
1389 1375 1454 1449 de-1

482 1488 603 1586 pellit,
624 1490 719 1586 supra
743 1509 909 1563 tumorem
921 1543 932 1578 ‚
945 1488 1006 1586 qui
1030 1486 1163 1560 inflatur
1177 1512 1219 1560 ex
1238 1486 1329 1573 iau,
1344 1483 1454 1559 scari·

484 1596 601 1672 ficatio
621 1598 713 1673 ferro
728 1601 834 1690 sada,
849 1600 893 1673 ita
916 1617 953 1673 ut
975 1600 1210 1696 herba‚quam
1235 1596 1454 1693 personatam

485 1731 637 1800 vocant,
651 1710 847 1808 imponatur
868 1708 943 1781 trita
967 1734 1044 1782 cum
1067 1707 1141 1781 sale.
1159 1705 1340 1794 Creditur,
1354 1704 1455 1778 radix

486 1815 513 1889 fi
541 1820 683 1893 contusa
715 1841 881 1916 ponatur,
900 1819 957 1892 vel
982 1819 1056 1892 filet
1079 1836 1281 1890 montanum
1305 1817 1454 1913 reperia-

486 1941 561 2013 tur,
576 1929 792 2005 &trifolium
811 1930 1082 2029 Symonianumq
1097 1928 1191 2025 quod
1203 1924 1346 2024 fragofis
1364 1925 1454 1998 locis

486 2036 749 2112 efficaciffimum
774 2040 943 2124 nascitur,
959 2037 1076 2110 odoris
1099 2035 1226 2132 gravis,
1241 2032 1398 2107 bitumini
1410 2033 1453 2106 fi-

489 2146 599 2238 milis,
620 2168 761 2244 propter
785 2150 918 2245 quoda
937 2147 1068 2222 Graecis
1087 2144 1277 2241 asphaltion
1303 2138 1456 2240 appella·

489 2251 598 2343 latur,
617 2256 722 2331 nostri
743 2277 855 2330 autem
878 2277 1017 2355 propter
1038 2255 1179 2353 figuram
1198 2271 1334 2326 acutum
1352 2250 1458 2325 trifo-

492 2360 575 2434 lium
600 2385 740 2440 vocant.
764 2392 841 2438 nam
869 2366 982 2464 longis
1005 2369 1043 2440 &
1065 2363 1196 2436 hirsutis
1218 2361 1311 2436 foliis
1334 2360 1458 2449 viret,

492 2470 693 2571 caulemque
716 2475 940 2549 robustiorem
954 2474 1058 2565 facit,
1077 2499 1178 2570 quam
1198 2468 1362 2569 pratense.
1384 2473 1460 2545 Hu-

491 2581 546 2680 jus
567 2584 681 2660 herbae
708 2586 825 2663 succus
841 2612 917 2662 eum
947 2586 1036 2658 vino
1060 2583 1213 2657 faucibus
1237 2581 1462 2666 infundatur,

493 2713 596 2792 atque
614 2697 683 2792 ipsa
697 2697 782 2773 folia
799 2725 877 2774 cum
903 2698 968 2772 sale
988 2698 1066 2770 trita
1087 2696 1307 2794 imponantur
1321 2695 1359 2769 in
1385 2697 1462 2795 pla·

493 2827 582 2901 gam.
609 2809 718 2899 Quod
737 2809 760 2880 fi
787 2808 929 2884 viridem
952 2808 1092 2881 minime
1111 2805 1311 2902 reperiunt,
1333 2806 1463 2880 semina

497 2911 569 3006 ejus
589 2917 728 2990 colleda
749 2921 786 2992 δι
807 2921 885 2992 trita
901 2919 1022 2990 dantur
1034 2918 1076 2989 ad
1094 2916 1281 3013 potandum
1304 2941 1385 2991 cum
1404 2916 1465 3004 νὶι,

496 3045 558 3093 no.
580 3024 722 3096 Radices
743 3050 881 3120 quoque
901 3025 973 3120 ejus
995 3051 1071 3100 cum
1089 3025 1192 3098 succo
1213 3024 1320 3099 caulis
1344 3025 1465 3116 tritae,'

496 3125 611 3198 addita
625 3128 806 3204 hordeacea
821 3131 976 3206 farina&
990 3132 1070 3222 sale,
1086 3159 1163 3205 cum
1176 3144 1263 3231 aqua
1274 3132 1378 3207 mulsa
1390 3133 1465 3207 sca·

497 3227 682 3307 tificationi
704 3235 989 3334 superponuntur.
1007 3239 1062 3312 Est
1075 3243 1175 3315 etiam
1189 3238 1328 3339 presens
1344 3257 1465 3321 reme-J

499 3339 653 3434 dium,fi
670 3343 791 3418 fraxini
803 3349 978 3422 cacumina
992 3369 1104 3423 tenera
1122 3374 1276 3451 eonteras
1291 3372 1366 3424 cum
1380 3347 1461 3422 sex-t

498 3451 591 3524 tariis
610 3451 684 3526 vini
702 3476 851 3552 quatuor
871 3458 930 3530 vel
948 3459 1035 3550 olei,
1050 3461 1303 3559 expredumque
1322 3454 1463 3529 succum

497 3555 653 3633 faueibus
667 3560 833 3640 infundas.
846 3570 999 3664 Itemque
1014 3569 1190 3665 cacumina
1204 3569 1348 3663 ejusdem
1362 3569 1466 3640 arbo·

499 3668 546 3740 ris
560 3691 635 3765 cum
655 3668 718 3744 sale
735 3673 811 3747 trita
827 3675 911 3750 laefis
935 3679 1070 3750 naribus
1082 3678 1301 3776 superponas.
1314 3677 1466 3752 Caeciliae

492 3779 589 3877 ‚enirn
619 3783 750 3858 morsus
780 3796 977 3881 tumorem,
1004 3790 1286 3888 suppuratumque
1316 3809 1466 3890 generat.

499 3889 658 3990 idemque
672 3894 754 3969 facit
766 3899 871 3972 muris
881 3901 1005 3975 aranei.
1017 3904 1081 3975 Sed
1101 3905 1250 3978 Caeciliae
1268 3902 1399 3977 morsus
1413 3902 1468 3974 sa·

440 4110 443 4115 .
499 4022 617 4092 natur,
636 4004 659 4077 fi
679 4031 744 4080 acu
765 4031 851 4085 aerea
878 4011 995 4086 locum
1020 4012 1132 4086 laefiun
1160 4039 1400 4113 compunges,
1427 4013 1470 4086 δι

422 4122 425 4128 ’
500 4132 592 4187 creta
614 4116 763 4189 Cimolia
777 4141 819 4189 ex
840 4141 940 4194 aceto
952 4121 1104 4196 oblinis:
1127 4122 1230 4196 muris
1244 4147 1332 4196 vero
1351 4122 1471 4219 perni-

500 4222 587 4313 cies,
602 4223 625 4294 sr
638 4224 879 4324 animal-ipsum
892 4229 973 4302 oleo
987 4232 1128 4306 mersum
1143 4257 1265 4322 neces,
1280 4232 1471 4328 &plagam

500 4328 652 4408 dentium
676 4359 720 4410 ex
742 4337 864 4448 eodem
883 4337 1064 4415 confrices.
1081 4340 1176 4439 quod
1198 4341 1319 4416 finon
1341 4338 1472 4429 fuerit,
