3875 5759
544 910 1400 984 moPALLADllRUTlLH

543 1071 647 1143 slores
668 1069 847 1145 coloslram
871 1093 1026 1146 vocant:
1046 1099 1189 1170 namque
1211 1076 1280 1147 hoc
1298 1073 1412 1170 agnis,
1435 1073 1498 1145 nist

544 1179 731 1268 auferatur,
742 1184 889 1255 nocebit.
902 1189 952 1256 Ac
968 1184 1077 1279 primo
1092 1209 1149 1279 per
1161 1182 1300 1255 biduum
1313 1202 1407 1256 natus
1420 1208 1498 1257 cum

545 1308 652 1361 matre
676 1288 855 1360 claudatur.
883 1308 964 1365 tunc
986 1289 1095 1387 septis
1118 1290 1270 1363 obscuris
1291 1290 1500 1363 servetur&

546 1397 682 1473 calidis:
701 1396 747 1468 ita
764 1398 893 1471 secluso
908 1402 1128 1494 parvulorum
1142 1426 1240 1499 grege
1251 1402 1405 1477 matrices
1419 1400 1500 1475 mit·

520 1607 523 1614 ¹
546 1524 659 1577 rantur
680 1504 717 1580 in
737 1506 867 1601 pascua.
888 1509 1038 1583 Sufficiet
1055 1529 1187 1599 autem,
1201 1509 1396 1607 priusquam
1420 1532 1503 1605 pro.-

546 1611 668 1685 cedant
687 1615 841 1690 matrices
860 1642 976 1705 mane,
991 1621 1027 1691 δι
1046 1643 1122 1691 cum
1145 1614 1261 1691 saturae
1282 1636 1504 1693 revertuntur

544 1719 589 1796 ad
617 1719 818 1819 vesperam,
841 1726 934 1823 agnis
961 1727 1063 1802 ubera
1091 1725 1273 1798 haurienda
1299 1728 1503 1820 permittere.
1578 1727 1581 1734 '

547 1831 606 1929 qui
630 1833 741 1907 donec
756 1830 949 1926 firmentur,
962 1837 1051 1909 intra
1065 1835 1228 1910 stabulum
1244 1834 1429 1908 furfuribus
1444 1836 1504 1908 vel

548 1941 683 2015 Medica
703 1942 829 2033 herba,
851 1945 932 2035 vel,
954 1943 1044 2018 stell
1061 1945 1186 2042 copia,
1205 1944 1311 2022 farina
1326 1944 1421 2017 ordei
1440 1968 1503 2037 pa-

549 2052 684 2128 scantur
703 2056 848 2153 ingesla,
865 2058 977 2132 donec
991 2077 1206 2160 conceptum⁸
1215 2055 1378 2154 paulisper
1397 2054 1504 2125 robur

549 2165 675 2246 aetatis,
688 2163 844 2260 pascuum
860 2167 1019 2240 matribus
1034 2169 1160 2263 possint
1172 2168 1293 2243 babere
1314 2186 1506 2241 commune.

548 2270 673 2343 Pascua
694 2272 805 2344 ovillo
825 2274 939 2372 generi
960 2274 1055 2347 utilia
1068 2275 1163 2363 sunt,
1178 2295 1254 2372 quar
1273 2275 1329 2349 vel
1344 2275 1378 2344 in
1394 2295 1506 2345 nova·

549 2378 658 2466 libus,
673 2379 729 2452 vel
743 2380 777 2452 in
798 2380 900 2474 pratis
916 2381 1112 2455 ficcioribus
1125 2382 1315 2455 excitantur
1328 2408 1338 2453 ε
1352 2379 1508 2474 paluslria

551 2514 640 2566 vero
661 2490 765 2562 noxia
782 2489 882 2579 sunt,
905 2490 1066 2575 silvestria
1090 2490 1251 2563 damnosa
1272 2488 1402 2564 lanatis.
1425 2490 1509 2590 Salis

551 2620 665 2673 tamen
684 2601 801 2673 crebra
828 2599 1047 2698 conspersio,
1066 2601 1124 2674 vel
1146 2596 1271 2697 pascuis
1293 2598 1424 2687 mixta,
1450 2598 1509 2671 vel

553 2708 727 2784 canalibus
747 2705 942 2804 frequenter
957 2707 1094 2799 oblata,
1116 2705 1215 2779 debet
1238 2703 1372 2801 pecoris
1393 2704 1510 2776 levare

553 2816 734 2892 fastidium.
755 2817 842 2891 Nam
861 2843 922 2915 per
941 2817 1110 2905 hiemem,
1128 2815 1154 2887 st
1170 2812 1310 2912 penuria
1334 2811 1380 2884 est
1396 2810 1510 2902 foeni,

466 2939 468 2943 ’
555 2928 614 3000 vel
634 2930 749 3023 palea,
766 2930 821 3000 vel
834 2928 942 3014 vicia,
957 2928 1013 3003 vel
1030 2927 1164 3001 facilior
1179 2925 1286 2999 vidus
1301 2923 1383 2995 ulmi
1398 2924 1510 2998 serva·

554 3037 599 3109 tis
622 3034 801 3106 frondibus
821 3039 1026 3129 prebeatur,
1043 3055 1100 3105 aut
1111 3034 1246 3108 fraxini.
1263 3032 1398 3105 AEstivis
1415 3057 1511 3103 men-

555 3145 643 3216 fibus
658 3141 835 3237 pascantur
857 3141 1018 3213 sublucis
1037 3143 1162 3227 initio,
1183 3165 1259 3212 cum
1277 3140 1436 3236 graminis
1458 3163 1511 3213 te-

557 3249 631 3322 neri
652 3246 848 3321 suavitatem
870 3246 957 3319 roris
979 3246 1126 3336 mixtura
1147 3248 1374 3319 commendat.
1392 3268 1511 3342 quarta

554 3361 643 3433 bota
667 3356 851 3434 calescente
869 3378 970 3452 potus
987 3353 1062 3451 puri
1079 3351 1227 3428 sluminis
1240 3369 1298 3425 aut
1317 3353 1409 3448 putei
1423 3379 1511 3449 prae·

557 3470 693 3554 beatur,
708 3484 764 3539 aut
785 3464 901 3538 fomis.
927 3463 1056 3537 medios
1081 3462 1160 3536 solis
1178 3461 1306 3541 calores
1332 3462 1427 3535 vallis
1453 3482 1512 3537 aut

557 3580 661 3653 arbor
679 3575 836 3648 umbrosa
857 3573 1014 3649 declinet.
1043 3573 1164 3647 deinde
1183 3571 1241 3645 ubi
1258 3571 1352 3645 flexo
1369 3572 1433 3669 jam
1457 3574 1512 3647 die

446 3789 448 3792 .
557 3688 660 3763 ardor
679 3685 896 3785 infringitur,
910 3689 947 3760 δι
963 3684 1071 3759 solum
1084 3685 1196 3782 primo
1210 3684 1317 3757 imbre
1333 3684 1513 3779 vespertini

557 3798 646 3874 roris
666 3798 846 3885 humescit,
862 3821 996 3895 gregem
1020 3820 1222 3869 revocemus
1238 3797 1280 3867 ad
1297 3794 1427 3893 pascua.
1447 3795 1513 3865 Sed

559 3910 876 3985 canicularibus&
898 3906 1020 3981 estivis
1042 3907 1158 3980 diebus
1177 3907 1222 3978 ita
1244 3906 1412 4002 pascendae
1437 3903 1513 3976 sunt

560 4046 669 4109 oveS,
695 4044 733 4093 ut
757 4018 863 4116 capita
886 4018 993 4116 gregis
1005 4016 1143 4113 --semper
1169 4034 1362 4089 avertantur
1386 4039 1403 4083 a
1433 4011 1512 4085 solis

561 4130 706 4224 objeflu.
719 4131 838 4203 Hieme
854 4149 964 4200 autem
985 4126 1041 4199 vel
1058 4130 1135 4195 vere
1150 4126 1209 4197 nisr
1228 4122 1379 4197 resolutis
1395 4122 1512 4221 gelici-

561 4240 622 4312 diis
645 4241 685 4312 ad
707 4237 826 4336 pascua
846 4235 984 4332 prodire
997 4259 1067 4307 non
1088 4233 1233 4307 debent:
1254 4260 1329 4306 nam
1354 4231 1512 4328 pruinosa

560 4346 663 4420 herba
685 4347 763 4424 huic
784 4344 897 4447 generi
921 4344 1060 4419 morbos
1084 4343 1219 4418 creabit.
1244 4369 1284 4419 ac
1308 4360 1388 4419 tunc
1414 4338 1512 4411 semel
