3875 5759
479 916 482 920 ·
548 898 680 971 nnrts
705 896 922 970 veterem.
946 896 1047 969 srvr
1073 898 1261 973 uutou.
1316 923 1382 999 303

421 1065 505 1135 riter
517 1059 698 1150 admisces,
710 1059 748 1133 δι
763 1084 840 1131 cum
858 1058 962 1131 mulsa
980 1077 1040 1155 pet
1054 1084 1164 1133 cornu
1185 1057 1225 1133 arl
1240 1060 1392 1145 substans

349 1186 360 1201 ’·
422 1168 503 1240 tiam
525 1167 660 1241 animali
677 1187 743 1239 tam
756 1167 814 1238 diu
826 1164 978 1239 faucibus
994 1165 1066 1259 ejus
1085 1164 1261 1256 infundes,
1274 1162 1399 1245 donec

422 1277 519 1352 cibos
540 1277 664 1352 virides
686 1295 843 1375 appetat,
860 1300 950 1374 quos
972 1299 1059 1374 aqua
1082 1276 1212 1351 marina
1231 1279 1287 1353 vel
1306 1278 1387 1354 salsa

423 1405 563 1484 oportet
583 1386 722 1484 aspergi.
930 1403 931 1407 ’
1249 1459 1253 1471 ,
1337 1381 1338 1385 ’

474 1500 571 1571 XIV.
590 1498 733 1571 Aurium
756 1513 794 1570 ut
808 1493 983 1570 vicinitate
998 1491 1232 1591 proxima,ita
1245 1493 1387 1591 periculi
1420 1500 1429 1513 ‘

425 1633 499 1679 non
521 1606 709 1704 discrepans
729 1630 810 1681 cura
831 1604 890 1679 est.
913 1616 990 1701 q'uae
1012 1600 1131 1675 srcasu
1150 1595 1266 1699 aliquo
1286 1599 1388 1675 suerit

425 1743 444 1789 a
464 1716 574 1789 radice
590 1713 753 1804 contusa,
767 1716 805 1786 &
818 1711 1058 1786 coll'eslionem
1073 1708 1294 1796 fecerit,eam
1310 1735 1389 1783 cum

425 1827 665 1917 maturaverit,
682 1822 841 1920 scalpello
859 1823 992 1911 secato,
1011 1824 1049 1894 δι
1071 1845 1133 1915 pus
1156 1819 1256 1896 finito
1275 1820 1389 1896 fluere

424 1953 496 2007 tum
509 1936 586 2009 linis
600 1954 698 2010 aceto
710 1931 876 2006 acerrimo
891 1935 928 2005 δι
939 1932 1022 2002 oleo
1036 1954 1095 2025 per
1108 1915 1254 2003 triddum
1267 1982 1279 2020 ‚
1292 1954 1391 2027 quar-

425 2064 460 2117 ta
478 2045 532 2117 die
552 2043 755 2119 traumatico
778 2058 922 2130 curato,
947 2040 1059 2112 donec
1081 2038 1223 2115 sanetur.
1242 2039 1391 2114 Etiamsi

427 2152 656 2249 cartilaginem
676 2148 883 2239 vexaverit,
905 2145 1049 2243 ejusdem
1072 2149 1247 2223 medicina
1273 2149 1392 2224 obser·

409 2261 571 2333 -vatione
595 2258 762 2357 proficiet.
788 2259 823 2331 Si
846 2284 932 2332 vero
952 2286 971 2332 a
990 2259 1101 2334 radice
1126 2261 1307 2353 auricula,
1334 2261 1405 2335 vel-

427 2368 642 2441 commiffura
660 2369 778 2467 capitis
796 2387 914 2457 tumor
934 2395 1075 2467 magnus
1092 2365 1170 2444 crim
1192 2373 1316 2446 duritia
1329 2398 1392 2446 ex·

420 2479 549 2569 stabit,
568 2506 612 2554 ex
632 2480 819 2579 soenigraeci
834 2482 871 2555 δι
885 2480 947 2553 lini
969 2478 1115 2571 semine,
1132 2484 1169 2554 δι
1190 2481 1294 2553 tritici
1315 2482 1394 2577 pol·

426 2588 497 2662 line
515 2590 713 2686 cataplasma
727 2590 921 2687 imponito,
936 2609 1133 2662 maturatam
1152 2591 1392 2664 colleslionem

427 2697 587 2796 scalpello
603 2699 735 2791 secato,
757 2700 801 2771 ita
820 2698 1014 2774 utinferius
1037 2700 1131 2796 plaga
1148 2698 1290 2796 spetiem
1306 2725 1392 2797 qua·

428 2809 521 2882 tinus
542 2811 666 2881 humor
686 2833 745 2902 per
770 2834 879 2904 prona
907 2811 1070 2883 decurrat.
1083 2804 1189 2884 ”Vino
1203 2864 1214 2899 ,
1229 2811 1337 2899 oleo,
1354 2814 1393 2885 δι

429 2918 494 2991 sale
513 2917 623 2989 mixto
639 2916 768 2989 infusos
782 2917 959 2993 lemniscos
975 2919 1130 3004 inducis,
1144 2919 1181 2993 δι
1196 2921 1319 2993 vulnus
1333 2944 1393 3014 per

430 3026 643 3123 quatriduum
672 3021 833 3118 fovebis,
861 3028 936 3124 poll
963 3028 1165 3102 traumatico
1189 3030 1306 3103 uteris.
1337 3029 1395 3100 sed

431 3135 578 3209 difficilis
602 3162 680 3209 cura
701 3136 771 3222 est,
794 3138 872 3234 quia
890 3134 1007 3212 fistulae
1023 3137 1058 3210 in
1077 3139 1200 3211 talibus
1219 3139 1305 3213 locis
1324 3138 1394 3211 sre-

402 3264 404 3267 ⁴
431 3266 574 3343 quenter
595 3246 762 3319 oriuntur.
787 3274 861 3346 quae
886 3248 910 3319 fi
931 3247 1130 3337 evenerint,
1154 3247 1252 3343 supra
1274 3247 1396 3347 scripta

432 3357 607 3430 curatione
624 3377 792 3431 curantur.
810 3357 845 3427 Si
862 3382 971 3428 tamen
986 3357 1155 3454 aegritudo
1173 3357 1323 3430 vulneris
1339 3360 1395 3430 ul-

432 3464 534 3536 terius
564 3466 662 3537 etiam
693 3465 769 3561 post
794 3465 1038 3537 medicamenta
1064 3466 1249 3562 procedat,
1268 3462 1396 3536 vicinae

432 3574 571 3644 urendae
589 3573 662 3645 sum
680 3593 812 3669 parter,
830 3574 867 3645 δι
891 3574 1045 3647 cauterio
1071 3577 1105 3648 in
1130 3575 1206 3670 ipsis
1221 3573 1396 3662 colleslio·
1472 3655 1474 3658 ,
1502 3579 1505 3586 ’

350 3735 353 3741 -
434 3680 533 3753 nibus
549 3680 717 3777 infigenda
731 3679 806 3753 sunt
821 3682 944 3777 pnndla
959 3683 1215 3773 vehementius,
1231 3702 1268 3756 ut
1285 3686 1321 3756 &
1336 3708 1397 3757 cu·

434 3791 479 3865 tis
489 3846 500 3877 ,
512 3794 548 3865 δι
561 3790 654 3862 causa
665 3802 899 3887 perrumpatur
912 3790 1064 3862 interior.
1076 3794 1150 3885 post
1164 3792 1315 3865 sollerter
1329 3790 1397 3862 ulla

436 3900 583 3974 curanda
603 3898 687 3973 sunt.
702 3900 785 3970 Non
800 3902 890 3972 enim
913 3900 1045 3972 aurium
1060 3900 1105 3971 esi
1125 3900 1321 3997 negligenda
1336 3923 1398 3971 cu·
1462 3957 1468 3972 ,
1562 3973 1566 3980 ,

437 4010 547 4100 ratio,
563 4034 606 4081 ne
626 4034 669 4080 ex
693 4009 814 4082 dolore
836 4008 944 4080 nimio
966 4027 1145 4103 generetur
1167 4007 1302 4080 insania.
1325 4007 1398 4077 Prn'

437 4142 530 4186 mum
555 4117 726 4217 purganda
748 4116 794 4188 est
807 4119 902 4190 auris
921 4118 1095 4214 diligenter
1117 4116 1340 4206 intrinsecus,
1358 4135 1397 4190 ut

438 4226 629 4316 auferatur,
645 4226 741 4323 quod
757 4227 911 4299 dolorem
934 4219 1075 4316 mov'et,
1089 4248 1146 4301 aut
1165 4228 1265 4298 laedit.
1283 4226 1318 4314 §i
1344 4225 1399 4296 ni·

370 4367 374 4373 ·
441 4332 492 4407 hil
507 4332 702 4427 invenitur,
725 4334 899 4436 spongiam
918 4339 1011 4411 nitro
1026 4341 1061 4413 δι
1076 4362 1160 4434 aqua
1174 4335 1323 4408 molliter
1343 4334 1399 4406 in-'
