<?xml version="1.0" encoding="UTF-8"?>
<!DOCTYPE html PUBLIC "-//W3C//DTD XHTML 1.0 Transitional//EN"
    "http://www.w3.org/TR/xhtml1/DTD/xhtml1-transitional.dtd">
<html xmlns="http://www.w3.org/1999/xhtml" xml:lang="en" lang="en">
 <head>
  <title>
</title>
<meta http-equiv="Content-Type" content="text/html;charset=utf-8" />
  <meta name='ocr-system' content='tesseract 3.04.00' />
  <meta name='ocr-capabilities' content='ocr_page ocr_carea ocr_par ocr_line ocrx_word'/>
</head>
<body>
  <div class='ocr_page' id='page_1' title='image "./scriptoresreiru00gesngoog_0463.png"; bbox 0 0 3875 5759; ppageno 0'>
   <div class='ocr_carea' id='block_1_1' title="bbox 1186 897 1426 985">
    <p class='ocr_par' dir='ltr' id='par_1_1' title="bbox 1186 897 1426 985">
     <span class='ocr_line' id='line_1_1' title="bbox 1186 897 1426 985; baseline -0.017 -16"><span class='ocrx_word' id='word_1_1' title='bbox 1186 945 1202 978; x_wconf 52' lang='grc' dir='ltr'>,ν</span> <span class='ocrx_word' id='word_1_2' title='bbox 1332 921 1334 926; x_wconf 68' lang='grc'>’</span> <span class='ocrx_word' id='word_1_3' title='bbox 1359 897 1426 985; x_wconf 84' lang='lat'>461</span> 
     </span>
    </p>
   </div>
   <div class='ocr_carea' id='block_1_2' title="bbox 512 1057 1303 1213">
    <p class='ocr_par' dir='ltr' id='par_1_2' title="bbox 512 1057 1303 1213">
     <span class='ocr_line' id='line_1_2' title="bbox 512 1057 1303 1213; baseline 0.006 -5"><span class='ocrx_word' id='word_1_4' title='bbox 512 1057 518 1067; x_wconf 50' lang='grc'><em>’</em></span> <span class='ocrx_word' id='word_1_5' title='bbox 609 1122 1303 1213; x_wconf 78' lang='lat' dir='ltr'>AU30N1POPMAE</span> 
     </span>
    </p>
   </div>
   <div class='ocr_carea' id='block_1_3' title="bbox 919 1342 989 1405">
    <p class='ocr_par' dir='ltr' id='par_1_3' title="bbox 919 1342 989 1405">
     <span class='ocr_line' id='line_1_3' title="bbox 919 1342 989 1405; baseline 0 0"><span class='ocrx_word' id='word_1_6' title='bbox 919 1342 989 1405; x_wconf 86' lang='lat' dir='ltr'>DE</span> 
     </span>
    </p>
   </div>
   <div class='ocr_carea' id='block_1_4' title="bbox 477 1546 1434 1720">
    <p class='ocr_par' dir='ltr' id='par_1_4' title="bbox 477 1546 1434 1720">
     <span class='ocr_line' id='line_1_4' title="bbox 477 1546 1434 1720; baseline -0.001 -56"><span class='ocrx_word' id='word_1_7' title='bbox 477 1546 1119 1720; x_wconf 10' lang='lat' dir='ltr'><strong>*INSTRUMENTO</strong></span> <span class='ocrx_word' id='word_1_8' title='bbox 1169 1546 1434 1663; x_wconf 76' lang='lat' dir='ltr'>ruunt</span> 
     </span>
    </p>
   </div>
   <div class='ocr_carea' id='block_1_5' title="bbox 821 1798 1099 1882">
    <p class='ocr_par' dir='ltr' id='par_1_5' title="bbox 821 1798 1099 1882">
     <span class='ocr_line' id='line_1_5' title="bbox 821 1798 1099 1882; baseline -0.018 -9"><span class='ocrx_word' id='word_1_9' title='bbox 821 1798 1099 1882; x_wconf 81' lang='lat' dir='ltr'><strong>LIBER.</strong></span> 
     </span>
    </p>
   </div>
   <div class='ocr_carea' id='block_1_6' title="bbox 779 2017 1152 2047">
    <p class='ocr_par' dir='ltr' id='par_1_6' title="bbox 779 2017 1152 2047">
     <span class='ocr_line' id='line_1_6' title="bbox 779 2017 1152 2047; baseline -0.003 -7"><span class='ocrx_word' id='word_1_10' title='bbox 779 2017 1152 2047; x_wconf 52' lang='grc' dir='ltr'>Μ·</span> 
     </span>
    </p>
   </div>
   <div class='ocr_carea' id='block_1_7' title="bbox 475 2117 1464 2384">
    <p class='ocr_par' dir='ltr' id='par_1_7' title="bbox 475 2117 1464 2384">
     <span class='ocr_line' id='line_1_7' title="bbox 480 2117 1435 2266; baseline -0.003 -21"><span class='ocrx_word' id='word_1_11' title='bbox 480 2178 505 2245; x_wconf 90' lang='lat'>1.</span> <span class='ocrx_word' id='word_1_12' title='bbox 531 2117 921 2254; x_wconf 72' lang='lat' dir='ltr'>Iusrnuuararuru</span> <span class='ocrx_word' id='word_1_13' title='bbox 948 2162 1044 2245; x_wconf 85' lang='lat' dir='ltr'>fundi</span> <span class='ocrx_word' id='word_1_14' title='bbox 1065 2163 1435 2266; x_wconf 65' lang='lat' dir='ltr'>estapparatuorerum</span> 
     </span>
     <span class='ocr_line' id='line_1_8' title="bbox 475 2274 1464 2384; baseline -0.002 -31"><span class='ocrx_word' id='word_1_15' title='bbox 475 2280 734 2384; x_wconf 58' lang='lat' dir='ltr'>=necessariarum</span> <span class='ocrx_word' id='word_1_16' title='bbox 743 2330 757 2368; x_wconf 90' lang='lat'>,</span> <span class='ocrx_word' id='word_1_17' title='bbox 773 2302 850 2350; x_wconf 89' lang='lat' dir='ltr'>cum</span> <span class='ocrx_word' id='word_1_18' title='bbox 869 2277 911 2349; x_wconf 90' lang='lat' dir='ltr'>ad</span> <span class='ocrx_word' id='word_1_19' title='bbox 931 2274 1095 2349; x_wconf 88' lang='lat' dir='ltr'>culturam</span> <span class='ocrx_word' id='word_1_20' title='bbox 1112 2278 1181 2375; x_wconf 81' lang='lat' dir='ltr'>agri</span> <span class='ocrx_word' id='word_1_21' title='bbox 1195 2279 1328 2355; x_wconf 86' lang='lat' dir='ltr'>villaeve</span> <span class='ocrx_word' id='word_1_22' title='bbox 1336 2335 1349 2369; x_wconf 93' lang='lat'><em>,</em></span> <span class='ocrx_word' id='word_1_23' title='bbox 1365 2298 1435 2351; x_wconf 91' lang='lat' dir='ltr'>tum</span> <span class='ocrx_word' id='word_1_24' title='bbox 1460 2371 1464 2379; x_wconf 20' lang='grc' dir='ltr'><strong>Δ</strong></span> 
     </span>
    </p>
   </div>
   <div class='ocr_carea' id='block_1_8' title="bbox 481 2386 1437 2599">
    <p class='ocr_par' dir='ltr' id='par_1_8' title="bbox 481 2386 1437 2599">
     <span class='ocr_line' id='line_1_9' title="bbox 481 2386 1437 2485; baseline -0.001 -21"><span class='ocrx_word' id='word_1_25' title='bbox 481 2391 526 2464; x_wconf 90' lang='lat' dir='ltr'>ad</span> <span class='ocrx_word' id='word_1_26' title='bbox 550 2390 713 2464; x_wconf 65' lang='lat' dir='ltr'>fruoluum</span> <span class='ocrx_word' id='word_1_27' title='bbox 750 2386 1027 2485; x_wconf 83' lang='lat' dir='ltr'>perceptionem,</span> <span class='ocrx_word' id='word_1_28' title='bbox 1048 2388 1106 2461; x_wconf 86' lang='lat' dir='ltr'>vel</span> <span class='ocrx_word' id='word_1_29' title='bbox 1128 2391 1437 2465; x_wconf 85' lang='lat' dir='ltr'>conservationem.</span> 
     </span>
     <span class='ocr_line' id='line_1_10' title="bbox 481 2496 1436 2599; baseline -0.001 -26"><span class='ocrx_word' id='word_1_30' title='bbox 481 2502 571 2574; x_wconf 88' lang='lat' dir='ltr'>Nam</span> <span class='ocrx_word' id='word_1_31' title='bbox 583 2500 676 2599; x_wconf 92' lang='lat' dir='ltr'>quod</span> <span class='ocrx_word' id='word_1_32' title='bbox 688 2516 828 2572; x_wconf 87' lang='lat' dir='ltr'>ornatus</span> <span class='ocrx_word' id='word_1_33' title='bbox 838 2552 849 2588; x_wconf 91' lang='lat'>,</span> <span class='ocrx_word' id='word_1_34' title='bbox 859 2517 916 2570; x_wconf 90' lang='lat' dir='ltr'>aut</span> <span class='ocrx_word' id='word_1_35' title='bbox 932 2496 1009 2568; x_wconf 81' lang='lat' dir='ltr'>usus</span> <span class='ocrx_word' id='word_1_36' title='bbox 1029 2496 1078 2567; x_wconf 89' lang='lat' dir='ltr'>sui</span> <span class='ocrx_word' id='word_1_37' title='bbox 1093 2498 1187 2570; x_wconf 88' lang='lat' dir='ltr'>causa</span> <span class='ocrx_word' id='word_1_38' title='bbox 1201 2498 1436 2594; x_wconf 83' lang='lat' dir='ltr'>paterfamilias</span> 
     </span>
    </p>
   </div>
   <div class='ocr_carea' id='block_1_9' title="bbox 426 2607 1610 2702">
    <p class='ocr_par' dir='ltr' id='par_1_9' title="bbox 426 2607 1610 2702">
     <span class='ocr_line' id='line_1_11' title="bbox 426 2607 1610 2702; baseline -0.007 -17"><span class='ocrx_word' id='word_1_39' title='bbox 426 2632 435 2649; x_wconf 79' lang='grc'><em>’</em></span> <span class='ocrx_word' id='word_1_40' title='bbox 480 2610 580 2685; x_wconf 83' lang='lat' dir='ltr'>hab&#39;et</span> <span class='ocrx_word' id='word_1_41' title='bbox 597 2612 632 2683; x_wconf 88' lang='lat' dir='ltr'>in</span> <span class='ocrx_word' id='word_1_42' title='bbox 646 2609 824 2696; x_wconf 84' lang='lat' dir='ltr'>fund0‚·id</span> <span class='ocrx_word' id='word_1_43' title='bbox 835 2607 1020 2702; x_wconf 76' lang='lat' dir='ltr'>appellatur</span> <span class='ocrx_word' id='word_1_44' title='bbox 1032 2607 1246 2680; x_wconf 69' lang='lat' dir='ltr'>instruolurnt</span> <span class='ocrx_word' id='word_1_45' title='bbox 1263 2608 1367 2682; x_wconf 84' lang='lat' dir='ltr'>veluti</span> <span class='ocrx_word' id='word_1_46' title='bbox 1383 2609 1437 2681; x_wconf 91' lang='lat' dir='ltr'>su·</span> <span class='ocrx_word' id='word_1_47' title='bbox 1471 2673 1476 2687; x_wconf 87' lang='grc'><strong>,</strong></span> <span class='ocrx_word' id='word_1_48' title='bbox 1607 2631 1610 2639; x_wconf 95' lang='grc'><strong><em>·</em></strong></span> 
     </span>
    </p>
   </div>
   <div class='ocr_carea' id='block_1_10' title="bbox 480 2705 1437 2817">
    <p class='ocr_par' dir='ltr' id='par_1_10' title="bbox 480 2705 1437 2817">
     <span class='ocr_line' id='line_1_12' title="bbox 480 2705 1437 2817; baseline -0.003 -24"><span class='ocrx_word' id='word_1_49' title='bbox 480 2720 615 2817; x_wconf 86' lang='lat' dir='ltr'>pellex,</span> <span class='ocrx_word' id='word_1_50' title='bbox 628 2715 846 2799; x_wconf 78' lang='lat' dir='ltr'>bibliotheca,</span> <span class='ocrx_word' id='word_1_51' title='bbox 860 2714 1077 2811; x_wconf 75' lang='lat' dir='ltr'>paedagogia,</span> <span class='ocrx_word' id='word_1_52' title='bbox 1092 2705 1230 2789; x_wconf 85' lang='lat' dir='ltr'>ar&#39;tificia</span> <span class='ocrx_word' id='word_1_53' title='bbox 1235 2742 1248 2803; x_wconf 82' lang='lat'>3</span> <span class='ocrx_word' id='word_1_54' title='bbox 1260 2718 1333 2790; x_wconf 84' lang='lat' dir='ltr'>haec</span> <span class='ocrx_word' id='word_1_55' title='bbox 1346 2717 1437 2790; x_wconf 88' lang='lat' dir='ltr'>enim</span> 
     </span>
    </p>
   </div>
   <div class='ocr_carea' id='block_1_11' title="bbox 481 2821 1564 2920">
    <p class='ocr_par' dir='ltr' id='par_1_11' title="bbox 481 2821 1564 2920">
     <span class='ocr_line' id='line_1_13' title="bbox 481 2821 1564 2920; baseline -0.002 -22"><span class='ocrx_word' id='word_1_56' title='bbox 481 2826 687 2909; x_wconf 69' lang='lat' dir='ltr'>omniamon</span> <span class='ocrx_word' id='word_1_57' title='bbox 707 2823 797 2920; x_wconf 86' lang='lat' dir='ltr'>agri,</span> <span class='ocrx_word' id='word_1_58' title='bbox 810 2821 866 2894; x_wconf 86' lang='lat' dir='ltr'>sed</span> <span class='ocrx_word' id='word_1_59' title='bbox 881 2821 984 2916; x_wconf 77' lang='lat' dir='ltr'>ipsius</span> <span class='ocrx_word' id='word_1_60' title='bbox 997 2822 1129 2895; x_wconf 86' lang='lat' dir='ltr'>domini</span> <span class='ocrx_word' id='word_1_61' title='bbox 1144 2823 1218 2896; x_wconf 82' lang='lat' dir='ltr'>sunt</span> <span class='ocrx_word' id='word_1_62' title='bbox 1238 2825 1438 2899; x_wconf 74' lang='lat' dir='ltr'>irissrumen-</span> <span class='ocrx_word' id='word_1_63' title='bbox 1560 2836 1564 2844; x_wconf 89' lang='lat'>&#39;</span> 
     </span>
    </p>
   </div>
   <div class='ocr_carea' id='block_1_12' title="bbox 480 2931 1504 3247">
    <p class='ocr_par' dir='ltr' id='par_1_12' title="bbox 480 2931 1504 3247">
     <span class='ocr_line' id='line_1_14' title="bbox 480 2931 1462 3034; baseline -0.001 -26"><span class='ocrx_word' id='word_1_64' title='bbox 480 2952 535 3022; x_wconf 88' lang='lat' dir='ltr'>ta,</span> <span class='ocrx_word' id='word_1_65' title='bbox 556 2934 676 3033; x_wconf 89' lang='lat' dir='ltr'>quibus</span> <span class='ocrx_word' id='word_1_66' title='bbox 696 2934 754 3007; x_wconf 91' lang='lat' dir='ltr'>ille</span> <span class='ocrx_word' id='word_1_67' title='bbox 770 2932 895 3006; x_wconf 86' lang='lat' dir='ltr'>lautior</span> <span class='ocrx_word' id='word_1_68' title='bbox 912 2932 949 3004; x_wconf 89' lang='lat' dir='ltr'>in</span> <span class='ocrx_word' id='word_1_69' title='bbox 977 2956 1013 3004; x_wconf 88' lang='lat' dir='ltr'>re</span> <span class='ocrx_word' id='word_1_70' title='bbox 1031 2931 1207 3024; x_wconf 81' lang='lat' dir='ltr'>familiari,</span> <span class='ocrx_word' id='word_1_71' title='bbox 1226 2938 1263 3009; x_wconf 91' lang='lat'>&amp;</span> <span class='ocrx_word' id='word_1_72' title='bbox 1290 2936 1332 3008; x_wconf 90' lang='lat' dir='ltr'>ad</span> <span class='ocrx_word' id='word_1_73' title='bbox 1356 2936 1439 3009; x_wconf 83' lang='lat' dir='ltr'>vitae</span> <span class='ocrx_word' id='word_1_74' title='bbox 1459 3028 1462 3034; x_wconf 23' lang='grc' dir='ltr'>Ι</span> 
     </span>
     <span class='ocr_line' id='line_1_15' title="bbox 482 3040 1438 3134; baseline 0.001 -17"><span class='ocrx_word' id='word_1_75' title='bbox 482 3042 608 3117; x_wconf 85' lang='lat' dir='ltr'>cultum</span> <span class='ocrx_word' id='word_1_76' title='bbox 625 3040 663 3115; x_wconf 83' lang='lat' dir='ltr'>fit</span> <span class='ocrx_word' id='word_1_77' title='bbox 682 3041 885 3117; x_wconf 67' lang='lat' dir='ltr'>instrutlior.</span> <span class='ocrx_word' id='word_1_78' title='bbox 906 3043 997 3134; x_wconf 71' lang='lat' dir='ltr'>Quae</span> <span class='ocrx_word' id='word_1_79' title='bbox 1016 3046 1125 3115; x_wconf 79' lang='lat' dir='ltr'>autem</span> <span class='ocrx_word' id='word_1_80' title='bbox 1141 3044 1438 3118; x_wconf 73' lang='lat' dir='ltr'>continenturin·</span> 
     </span>
     <span class='ocr_line' id='line_1_16' title="bbox 483 3148 1504 3247; baseline 0.006 -26"><span class='ocrx_word' id='word_1_81' title='bbox 483 3149 670 3223; x_wconf 85' lang='lat' dir='ltr'>strumento</span> <span class='ocrx_word' id='word_1_82' title='bbox 691 3149 812 3240; x_wconf 76' lang='lat' dir='ltr'>luridi,</span> <span class='ocrx_word' id='word_1_83' title='bbox 834 3151 956 3247; x_wconf 89' lang='lat' dir='ltr'>partim</span> <span class='ocrx_word' id='word_1_84' title='bbox 969 3148 1051 3223; x_wconf 73' lang='lat' dir='ltr'>lunt</span> <span class='ocrx_word' id='word_1_85' title='bbox 1070 3149 1248 3247; x_wconf 83' lang='lat' dir='ltr'>animalia,</span> <span class='ocrx_word' id='word_1_86' title='bbox 1270 3172 1307 3225; x_wconf 89' lang='lat' dir='ltr'>ut</span> <span class='ocrx_word' id='word_1_87' title='bbox 1325 3153 1440 3227; x_wconf 91' lang='lat' dir='ltr'>homi·</span> <span class='ocrx_word' id='word_1_88' title='bbox 1502 3189 1504 3193; x_wconf 45' lang='lat'><strong><em>⁴</em></strong></span> 
     </span>
    </p>
   </div>
   <div class='ocr_carea' id='block_1_13' title="bbox 482 3257 1595 3356">
    <p class='ocr_par' dir='ltr' id='par_1_13' title="bbox 482 3257 1595 3356">
     <span class='ocr_line' id='line_1_17' title="bbox 482 3257 1595 3356; baseline 0.003 -25"><span class='ocrx_word' id='word_1_89' title='bbox 482 3283 559 3350; x_wconf 88' lang='lat' dir='ltr'>nes,</span> <span class='ocrx_word' id='word_1_90' title='bbox 575 3259 743 3356; x_wconf 82' lang='lat' dir='ltr'>pecudes,</span> <span class='ocrx_word' id='word_1_91' title='bbox 760 3270 864 3332; x_wconf 68' lang='lat' dir='ltr'>avesa</span> <span class='ocrx_word' id='word_1_92' title='bbox 885 3259 1002 3356; x_wconf 89' lang='lat' dir='ltr'>partim</span> <span class='ocrx_word' id='word_1_93' title='bbox 1021 3257 1186 3349; x_wconf 88' lang='lat' dir='ltr'>inanima,</span> <span class='ocrx_word' id='word_1_94' title='bbox 1204 3278 1241 3331; x_wconf 89' lang='lat' dir='ltr'>ut</span> <span class='ocrx_word' id='word_1_95' title='bbox 1258 3258 1439 3334; x_wconf 85' lang='lat' dir='ltr'>ferramen·</span> <span class='ocrx_word' id='word_1_96' title='bbox 1590 3293 1595 3298; x_wconf 94' lang='lat'>·</span> 
     </span>
    </p>
   </div>
   <div class='ocr_carea' id='block_1_14' title="bbox 424 3364 1473 4315">
    <p class='ocr_par' dir='ltr' id='par_1_14' title="bbox 424 3364 1473 4228">
     <span class='ocr_line' id='line_1_18' title="bbox 424 3364 1439 3462; baseline -0.001 -23"><span class='ocrx_word' id='word_1_97' title='bbox 424 3446 426 3448; x_wconf 49' lang='grc'><strong>,</strong></span> <span class='ocrx_word' id='word_1_98' title='bbox 482 3383 536 3455; x_wconf 85' lang='lat' dir='ltr'>ta,</span> <span class='ocrx_word' id='word_1_99' title='bbox 549 3365 731 3456; x_wconf 59' lang='lat' dir='ltr'>vehicula„</span> <span class='ocrx_word' id='word_1_100' title='bbox 741 3366 855 3439; x_wconf 87' lang='lat' dir='ltr'>dolia:</span> <span class='ocrx_word' id='word_1_101' title='bbox 870 3365 939 3435; x_wconf 87' lang='lat' dir='ltr'>fine</span> <span class='ocrx_word' id='word_1_102' title='bbox 954 3364 1078 3462; x_wconf 87' lang='lat' dir='ltr'>quibus</span> <span class='ocrx_word' id='word_1_103' title='bbox 1094 3388 1203 3461; x_wconf 83' lang='lat' dir='ltr'>neque</span> <span class='ocrx_word' id='word_1_104' title='bbox 1214 3365 1439 3462; x_wconf 87' lang='lat' dir='ltr'>agricultura,</span> 
     </span>
     <span class='ocr_line' id='line_1_19' title="bbox 481 3470 1440 3571; baseline 0 -26"><span class='ocrx_word' id='word_1_105' title='bbox 481 3499 592 3570; x_wconf 87' lang='lat' dir='ltr'>neque</span> <span class='ocrx_word' id='word_1_106' title='bbox 613 3475 746 3571; x_wconf 86' lang='lat' dir='ltr'>frugum</span> <span class='ocrx_word' id='word_1_107' title='bbox 769 3473 1011 3566; x_wconf 62' lang='lat' dir='ltr'>fruauumque</span> <span class='ocrx_word' id='word_1_108' title='bbox 1033 3470 1239 3569; x_wconf 85' lang='lat' dir='ltr'>reliquorum</span> <span class='ocrx_word' id='word_1_109' title='bbox 1252 3470 1440 3564; x_wconf 57' lang='lat' dir='ltr'>‘collectim</span> 
     </span>
     <span class='ocr_line' id='line_1_20' title="bbox 481 3579 1440 3681; baseline -0.001 -25"><span class='ocrx_word' id='word_1_110' title='bbox 481 3584 542 3656; x_wconf 89' lang='lat' dir='ltr'>vel</span> <span class='ocrx_word' id='word_1_111' title='bbox 562 3581 778 3656; x_wconf 85' lang='lat' dir='ltr'>conservatio</span> <span class='ocrx_word' id='word_1_112' title='bbox 801 3580 865 3653; x_wconf 82' lang='lat' dir='ltr'>effe</span> <span class='ocrx_word' id='word_1_113' title='bbox 887 3580 955 3653; x_wconf 88' lang='lat' dir='ltr'>ulla</span> <span class='ocrx_word' id='word_1_114' title='bbox 974 3579 1095 3676; x_wconf 84' lang='lat' dir='ltr'>potest.</span> <span class='ocrx_word' id='word_1_115' title='bbox 1117 3583 1167 3655; x_wconf 84' lang='lat' dir='ltr'>Ac</span> <span class='ocrx_word' id='word_1_116' title='bbox 1186 3582 1341 3656; x_wconf 84' lang='lat' dir='ltr'>homines</span> <span class='ocrx_word' id='word_1_117' title='bbox 1364 3583 1440 3681; x_wconf 92' lang='lat' dir='ltr'>qui·</span> 
     </span>
     <span class='ocr_line' id='line_1_21' title="bbox 484 3690 1440 3785; baseline 0.001 -22"><span class='ocrx_word' id='word_1_118' title='bbox 484 3693 560 3764; x_wconf 88' lang='lat' dir='ltr'>dem</span> <span class='ocrx_word' id='word_1_119' title='bbox 577 3692 621 3765; x_wconf 90' lang='lat' dir='ltr'>ad</span> <span class='ocrx_word' id='word_1_120' title='bbox 641 3692 738 3766; x_wconf 88' lang='lat' dir='ltr'>usum</span> <span class='ocrx_word' id='word_1_121' title='bbox 757 3691 916 3764; x_wconf 83' lang='lat' dir='ltr'>rusticum</span> <span class='ocrx_word' id='word_1_122' title='bbox 933 3690 1059 3785; x_wconf 85' lang='lat' dir='ltr'>parati,</span> <span class='ocrx_word' id='word_1_123' title='bbox 1077 3692 1136 3763; x_wconf 84' lang='lat' dir='ltr'>vel</span> <span class='ocrx_word' id='word_1_124' title='bbox 1148 3691 1264 3783; x_wconf 86' lang='lat' dir='ltr'>liberi,</span> <span class='ocrx_word' id='word_1_125' title='bbox 1281 3694 1337 3765; x_wconf 87' lang='lat' dir='ltr'>vel</span> <span class='ocrx_word' id='word_1_126' title='bbox 1351 3691 1440 3767; x_wconf 85' lang='lat' dir='ltr'>servi</span> 
     </span>
     <span class='ocr_line' id='line_1_22' title="bbox 483 3798 1440 3897; baseline 0 -24"><span class='ocrx_word' id='word_1_127' title='bbox 483 3802 561 3875; x_wconf 81' lang='lat' dir='ltr'>sunt</span> <span class='ocrx_word' id='word_1_128' title='bbox 572 3800 694 3893; x_wconf 89' lang='lat' dir='ltr'>soluti,</span> <span class='ocrx_word' id='word_1_129' title='bbox 708 3820 766 3874; x_wconf 90' lang='lat' dir='ltr'>aut</span> <span class='ocrx_word' id='word_1_130' title='bbox 785 3799 914 3874; x_wconf 71' lang='lat' dir='ltr'>vineti:</span> <span class='ocrx_word' id='word_1_131' title='bbox 932 3803 970 3874; x_wconf 87' lang='lat'>&amp;</span> <span class='ocrx_word' id='word_1_132' title='bbox 991 3798 1047 3872; x_wconf 89' lang='lat' dir='ltr'>alii</span> <span class='ocrx_word' id='word_1_133' title='bbox 1061 3800 1226 3897; x_wconf 65' lang='lat' dir='ltr'>praefefili,</span> <span class='ocrx_word' id='word_1_134' title='bbox 1239 3798 1296 3873; x_wconf 89' lang='lat' dir='ltr'>alii</span> <span class='ocrx_word' id='word_1_135' title='bbox 1315 3824 1440 3897; x_wconf 89' lang='lat' dir='ltr'>opera·</span> 
     </span>
     <span class='ocr_line' id='line_1_23' title="bbox 484 3906 1441 4014; baseline -0.002 -31"><span class='ocrx_word' id='word_1_136' title='bbox 484 3910 551 3984; x_wconf 87' lang='lat' dir='ltr'>rii:</span> <span class='ocrx_word' id='word_1_137' title='bbox 572 3910 705 4007; x_wconf 87' lang='lat' dir='ltr'>utrique</span> <span class='ocrx_word' id='word_1_138' title='bbox 720 3934 806 3984; x_wconf 82' lang='lat' dir='ltr'>veto</span> <span class='ocrx_word' id='word_1_139' title='bbox 825 3935 844 3982; x_wconf 91' lang='lat' dir='ltr'>a</span> <span class='ocrx_word' id='word_1_140' title='bbox 859 3907 996 3983; x_wconf 78' lang='lat' dir='ltr'>direrfis</span> <span class='ocrx_word' id='word_1_141' title='bbox 1008 3908 1197 4014; x_wconf 82' lang='lat' dir='ltr'>ministeriis</span> <span class='ocrx_word' id='word_1_142' title='bbox 1210 3910 1248 3981; x_wconf 88' lang='lat'>&amp;</span> <span class='ocrx_word' id='word_1_143' title='bbox 1260 3910 1374 4004; x_wconf 89' lang='lat' dir='ltr'>operis</span> <span class='ocrx_word' id='word_1_144' title='bbox 1386 3906 1441 3981; x_wconf 86' lang='lat' dir='ltr'>di·</span> 
     </span>
     <span class='ocr_line' id='line_1_24' title="bbox 485 4007 1473 4119; baseline -0.01 -22"><span class='ocrx_word' id='word_1_145' title='bbox 485 4020 584 4097; x_wconf 73' lang='lat' dir='ltr'>versa</span> <span class='ocrx_word' id='word_1_146' title='bbox 606 4024 729 4097; x_wconf 86' lang='lat' dir='ltr'>habent</span> <span class='ocrx_word' id='word_1_147' title='bbox 749 4007 912 4111; x_wconf 87' lang='lat' dir='ltr'>nomina,</span> <span class='ocrx_word' id='word_1_148' title='bbox 930 4021 1051 4119; x_wconf 88' lang='lat' dir='ltr'>quibus</span> <span class='ocrx_word' id='word_1_149' title='bbox 1071 4020 1313 4093; x_wconf 85' lang='lat' dir='ltr'>discernuntur.</span> <span class='ocrx_word' id='word_1_150' title='bbox 1466 4081 1473 4096; x_wconf 83' lang='grc'><em>,</em></span> 
     </span>
     <span class='ocr_line' id='line_1_25' title="bbox 443 4123 1439 4228; baseline 0 -30"><span class='ocrx_word' id='word_1_151' title='bbox 443 4130 448 4141; x_wconf 83' lang='grc'>’</span> <span class='ocrx_word' id='word_1_152' title='bbox 534 4129 573 4201; x_wconf 90' lang='lat' dir='ltr'>ll.</span> <span class='ocrx_word' id='word_1_153' title='bbox 587 4133 675 4202; x_wconf 86' lang='lat' dir='ltr'>lnter</span> <span class='ocrx_word' id='word_1_154' title='bbox 687 4130 862 4228; x_wconf 67' lang='lat' dir='ltr'>praefellos</span> <span class='ocrx_word' id='word_1_155' title='bbox 875 4132 1001 4227; x_wconf 87' lang='lat' dir='ltr'>primus</span> <span class='ocrx_word' id='word_1_156' title='bbox 1020 4129 1067 4202; x_wconf 78' lang='lat' dir='ltr'>est</span> <span class='ocrx_word' id='word_1_157' title='bbox 1083 4146 1277 4217; x_wconf 76' lang='lat' dir='ltr'>vuucUS,</span> <span class='ocrx_word' id='word_1_158' title='bbox 1292 4123 1362 4223; x_wconf 82' lang='lat' dir='ltr'>agri</span> <span class='ocrx_word' id='word_1_159' title='bbox 1374 4149 1439 4198; x_wconf 87' lang='lat' dir='ltr'>co·</span> 
     </span>
    </p>

    <p class='ocr_par' dir='ltr' id='par_1_15' title="bbox 487 4236 1462 4315">
     <span class='ocr_line' id='line_1_26' title="bbox 487 4236 1462 4315; baseline 0.003 -6"><span class='ocrx_word' id='word_1_160' title='bbox 487 4237 579 4310; x_wconf 82' lang='lat' dir='ltr'>leudi</span> <span class='ocrx_word' id='word_1_161' title='bbox 598 4241 693 4312; x_wconf 86' lang='lat' dir='ltr'>causa</span> <span class='ocrx_word' id='word_1_162' title='bbox 715 4241 916 4315; x_wconf 85' lang='lat' dir='ltr'>constitutus</span> <span class='ocrx_word' id='word_1_163' title='bbox 938 4240 975 4313; x_wconf 87' lang='lat' dir='ltr'>in</span> <span class='ocrx_word' id='word_1_164' title='bbox 999 4240 1102 4312; x_wconf 85' lang='lat' dir='ltr'>villa:</span> <span class='ocrx_word' id='word_1_165' title='bbox 1119 4238 1175 4312; x_wconf 89' lang='lat' dir='ltr'>cui</span> <span class='ocrx_word' id='word_1_166' title='bbox 1188 4236 1439 4312; x_wconf 83' lang='lat' dir='ltr'>contubernalis</span> <span class='ocrx_word' id='word_1_167' title='bbox 1459 4252 1462 4259; x_wconf 82' lang='grc'><strong>’</strong></span> 
     </span>
    </p>
   </div>
   <div class='ocr_carea' id='block_1_15' title="bbox 488 4346 1439 4449">
    <p class='ocr_par' dir='ltr' id='par_1_16' title="bbox 488 4346 1439 4449">
     <span class='ocr_line' id='line_1_27' title="bbox 488 4346 1439 4449; baseline -0.004 -24"><span class='ocrx_word' id='word_1_168' title='bbox 488 4368 660 4446; x_wconf 74' lang='lat' dir='ltr'>vruarcA,</span> <span class='ocrx_word' id='word_1_169' title='bbox 680 4374 757 4449; x_wconf 75' lang='lat' dir='ltr'>qua</span> <span class='ocrx_word' id='word_1_170' title='bbox 777 4374 848 4427; x_wconf 82' lang='lat' dir='ltr'>rem</span> <span class='ocrx_word' id='word_1_171' title='bbox 869 4349 1065 4427; x_wconf 83' lang='lat' dir='ltr'>familiarem</span> <span class='ocrx_word' id='word_1_172' title='bbox 1080 4350 1119 4424; x_wconf 89' lang='lat'>&amp;</span> <span class='ocrx_word' id='word_1_173' title='bbox 1140 4346 1322 4424; x_wconf 82' lang='lat' dir='ltr'>domestica</span> <span class='ocrx_word' id='word_1_174' title='bbox 1333 4370 1439 4444; x_wconf 81' lang='lat' dir='ltr'>opera</span> 
     </span>
    </p>
   </div>
   <div class='ocr_carea' id='block_1_16' title="bbox 0 0 1960 5759">
    <p class='ocr_par' dir='ltr' id='par_1_17' title="bbox 0 0 1960 5759">
     <span class='ocr_line' id='line_1_28' title="bbox 0 0 1960 5759; baseline 0 0"><span class='ocrx_word' id='word_1_175' title='bbox 0 0 1960 5759; x_wconf 95' lang='lat' dir='ltr'> </span> 
     </span>
    </p>
   </div>
  </div>
 </body>
</html>
