3875 5759
528 871 598 953 282
712 815 1052 966 vacem
1098 873 1228 946 ΗΒ.
1277 874 1303 946 l.

525 1055 620 1123 rent,
636 1035 834 1124 sextarium,
849 1035 1004 1133 daslylos
1018 1055 1094 1123 xx,
1110 1033 1179 1107 allii
1198 1034 1305 1129 capita
1318 1032 1399 1127 tria,
1413 1034 1490 1109 sevi

525 1146 655 1243 caprini
686 1146 798 1220 uncias
829 1148 879 1232 6,
904 1144 1029 1243 pulegii
1058 1143 1149 1244 sicci
1167 1142 1377 1217 fasciculum.
1409 1145 1488 1220 haec

524 1256 640 1330 omnia
660 1272 794 1351 purgata
813 1253 999 1350 leniterque
1014 1251 1154 1325 contusa
1167 1252 1338 1349 decoques
1350 1253 1385 1325 in
1401 1278 1489 1349 aqua

522 1364 720 1452 cisternina,
737 1364 849 1436 donec
871 1388 979 1437 acron
998 1362 1075 1450 ille,
1093 1361 1150 1434 vel
1173 1379 1264 1435 certe
1284 1381 1383 1458 caput
1399 1364 1489 1436 haedi

469 1531 472 1537 .
524 1474 734 1572 liquescat&
754 1471 953 1547 dissolvatur
971 1475 1013 1549 ab
1028 1473 1164 1548 ollibus.
1176 1476 1422 1571 propterquod
1437 1472 1489 1547 as·

481 1649 484 1656 .
523 1582 615 1654 lidue
635 1607 756 1680 aquam
777 1583 952 1675 refundis,
966 1608 1010 1657 ne
1025 1583 1266 1672 comburatur,
1282 1582 1336 1657 sed
1350 1583 1489 1657 serven·

523 1694 571 1766 do
594 1693 809 1792 pinguescat,
833 1695 890 1770 vel
912 1695 1030 1771 succus
1050 1695 1119 1793 ipse
1134 1695 1294 1795 pinguior
1314 1693 1490 1770 efficiatur.

523 1805 600 1877 Pon
613 1807 685 1878 hae'c
704 1804 950 1906 diligentiffime
965 1805 1094 1880 colabis
1112 1805 1155 1879 ad
1175 1805 1310 1894 colum,
1324 1823 1396 1876 tum
1412 1804 1489 1875 dra·

523 1914 615 2018 genti
635 1912 769 1987 unciam
803 1909 820 1985 1‘
852 1915 887 1985 in
911 1932 978 1985 tres
1006 1912 1139 1987 divides
1164 1931 1295 2010 partes:
1320 1912 1366 1985 ita
1393 1911 1488 2010 quod

524 2023 648 2097 exinde
672 2025 706 2096 in
726 2052 827 2097 unam
848 2025 1028 2121 potionem
1046 2025 1200 2098 missurus
1226 2050 1284 2114 es,
1307 2024 1413 2121 pridie
1434 2024 1488 2095 in-

525 2134 648 2206 fundas
670 2134 704 2205 in
728 2133 892 2221 calidam,
911 2152 949 2204 ut
969 2134 1181 2232 inturgescat.
1194 2153 1274 2209 tunc
1295 2134 1386 2220 addis
1408 2134 1487 2231 palli

522 2242 686 2316 sextarios
711 2269 727 2338 3
742 2295 754 2328 ,
769 2244 807 2314 δι
822 2242 929 2315 tribus
948 2244 1068 2317 diebus
1091 2245 1241 2342 srngulos
1255 2245 1415 2340 sextarios
1428 2247 1488 2336 da<

524 2353 598 2442 bis,
621 2376 690 2425 ova
708 2344 852 2425 numero
876 2351 959 2443 sex,
985 2352 1044 2452 (in
1064 2353 1117 2426 die
1136 2355 1283 2428 secundo
1300 2357 1367 2427 olei
1388 2356 1486 2429 rosati

524 2485 596 2534 ova
615 2459 713 2557 plena
729 2483 871 2534 numero
889 2458 935 2559 2)
956 2460 1076 2559 butyri
1091 2461 1206 2535 unciad
1223 2484 1257 2553 3,
1279 2461 1340 2560 (in
1355 2463 1407 2535 die
1421 2484 1486 2536 ter·

524 2573 603 2667 tio)
624 2570 802 2670 anagallici
823 2572 941 2646 uncias
958 2601 1000 2671 3,
1015 2573 1123 2671 amyli
1146 2571 1260 2646 uncias
1278 2597 1294 2668 3
1313 2626 1323 2660 ,
1340 2576 1486 2667 pulveris

523 2675 916 2777 quadrigariiselibtam,
936 2678 1080 2751 lomenti
1103 2676 1190 2749 sabae
1213 2677 1375 2749 selibram.
1399 2681 1488 2770 Quae

524 2789 642 2865 omnia
655 2789 793 2877 misces,
813 2809 852 2863 ut
873 2790 997 2865 dilium
1016 2789 1080 2879 est,
1094 2789 1198 2887 arquis
1212 2789 1418 2885 ponderibus
1432 2815 1488 2885 per

524 2902 671 2975 triduum
690 2901 846 2991 divides,
861 2904 898 2975 δι
913 2901 1063 2996 jejunum
1078 2902 1200 2996 animal
1215 2899 1436 2998 potionabis,
1454 2905 1487 2976 &

524 3012 619 3083 horis
645 3011 776 3105 aliquot
806 3013 1021 3085 deambulare
1048 3012 1175 3097 facies,
1200 3012 1364 3106 usquead
1391 3010 1487 3107 septi·

525 3111 654 3204 marma
667 3117 746 3189 cibo
759 3119 961 3190 abstineatur
975 3122 1012 3191 δι
1032 3140 1127 3215 potu.
1139 3120 1303 3192 Animalia
1319 3146 1405 3192 vero
1419 3146 1487 3193 ma·

526 3226 578 3301 cie
593 3243 786 3319 attenuata,
806 3252 875 3298 non
890 3226 1012 3323 absque
1028 3227 1138 3300 studio
1151 3229 1307 3326 diligenti
1319 3255 1485 3304 revocan·

525 3354 580 3408 tur
602 3336 645 3410 ad
663 3359 851 3431 corporum
872 3332 1076 3409 firmitatem.
1097 3340 1185 3409 Nam
1208 3338 1289 3411 oleo
1312 3339 1418 3411 veteri
1435 3338 1486 3409 vi·

526 3469 642 3543 noque
665 3443 864 3542 permixtis,
882 3447 920 3518 δι
946 3444 1117 3548 tepefaciis
1138 3446 1172 3517 in
1192 3446 1281 3536 sole,
1297 3473 1357 3544 per
1377 3467 1488 3520 totum

526 3580 651 3652 corpus
672 3573 862 3651 unguntur,
882 3557 1058 3630 &contra
1081 3556 1187 3652 pilum
1207 3556 1396 3629 multorum
1418 3584 1488 3628 ma·

525 3664 624 3736 nibus
645 3662 886 3759 persricantur,
900 3681 937 3736 ut
951 3669 989 3739 &
1003 3664 1101 3738 nervi
1119 3663 1338 3753 mollescant,
1351 3667 1390 3737 δι
1405 3665 1491 3739 cutis

526 3774 662 3848 laxetur
673 3829 685 3864 ,
705 3777 743 3850 δι
762 3773 863 3846 sudor
880 3796 1046 3872 erumpat.
1060 3778 1145 3868 Quo
1165 3777 1252 3850 fallo
1268 3796 1433 3871 cooperta
1455 3777 1490 3847 in

527 3882 652 3982 pontili
669 3884 773 3957 strato
794 3884 1020 3958 collocentur.
1042 3887 1085 3956 Et
1105 3884 1127 3955 sr
1144 3886 1249 3959 hiems
1267 3884 1385 3966 suerit,
1399 3901 1491 3953 cona

527 3994 596 4067 dita
612 4018 690 4068 cum
704 3992 884 4068 semiuncia
899 3995 966 4092 apii
984 3994 1116 4067 seminis
1136 3995 1226 4085 triti,
1241 3997 1278 4066 &
1298 3991 1365 4062 olei
1380 3990 1491 4065 tribus

364 4098 367 4104 ’
421 4170 425 4180 ,
489 4093 633 4180 ,unciis
656 4100 818 4175 calefacto
847 4129 906 4200 per
933 4130 973 4178 os
1001 4104 1100 4200 ipsius
1122 4120 1259 4200 oportet
1284 4097 1430 4172 insundi.
1455 4101 1490 4173 Si

527 4210 619 4282 aeslas
638 4208 756 4300 fuerit,
770 4210 971 4288 absinthium
987 4212 1044 4287 vel
1061 4211 1205 4285 rosatum
1221 4235 1296 4283 cum
1310 4234 1334 4300 4
1348 4207 1489 4303 scrupu-

527 4319 568 4394 lis
590 4322 706 4419 croci,
721 4320 901 4399 &duabus
914 4317 1024 4396 unciis
1045 4319 1118 4394 olei·
1133 4318 1291 4419 frigidum
1304 4342 1365 4415 per
1384 4339 1426 4388 os
1448 4312 1490 4387 fi·
