3875 5759
572 859 1487 1007 132rn't'tAD1-1uutrnrts

566 1076 666 1163 dies,
692 1100 770 1149 cum
790 1072 950 1146 fruticare
974 1071 1142 1167 eruperit,
1167 1095 1289 1145 omnes
1308 1070 1388 1144 alias
1412 1073 1529 1145 herbas

564 1204 709 1260 runcato
723 1180 744 1256 ,³
755 1183 801 1255 ita
811 1184 860 1285 ¹&
879 1180 986 1265 sexies
1004 1206 1206 1279 perannum
1229 1182 1346 1276 meris,
1370 1184 1407 1258 δι
1432 1183 1529 1256 annis

564 1296 681 1367 decem
705 1291 831 1386 poterit
851 1315 986 1363 manere
1009 1289 1196 1364 continuis.

622 1406 661 1475 ll.
683 1401 786 1471 Nunc
806 1399 893 1476 locis
915 1398 1108 1497 temperatis
1132 1398 1228 1480 oliva
1247 1398 1434 1489 inseratur,
1454 1422 1531 1494 quae
1599 1417 1604 1444 ¹»

564 1511 722 1585 inseritur
740 1512 828 1583 inter
850 1511 1014 1592 corticem
1035 1536 1132 1587 more
1146 1535 1351 1606 pomorum,
1368 1509 1452 1581 ficut
1476 1508 1530 1578 sun

368 1729 374 1737 -
457 1613 459 1618 Ι
563 1647 624 1718 Pra
644 1622 768 1692 (fillum
785 1620 841 1702 est·
860 1622 929 1691 Sed
944 1638 982 1691 ut
1005 1620 1153 1712 oleastro
1174 1619 1319 1706 inseras,
1341 1635 1461 1692 contra
1487 1618 1530 1688 il·

545 1729 752 1826 -lud,quod
771 1753 815 1802 ex
838 1730 974 1801 oliveto
992 1725 1092 1804 insito
1108 1727 1150 1811 ,δι
1171 1725 1246 1803 casu
1265 1724 1403 1800 incenso
1429 1750 1529 1796 rena·

562 1838 665 1914 scitur
684 1836 825 1912 oleaster
843 1836 986 1925 infelix,
1002 1834 1048 1910 lic
1067 1834 1319 1931 providendum
1335 1833 1392 1908 est.
1411 1834 1529 1929 positis

563 1949 658 2045 prius
681 1949 817 2027 oleastri
840 1947 988 2026 brachiis
1009 1945 1045 2022 in
1068 1944 1257 2033 scrobe,in
1280 1969 1346 2041 qua
1369 1944 1528 2037 dispone-

562 2084 638 2131 mus
650 2057 819 2145 inserere,
838 2056 972 2132 scrobes
985 2054 1032 2124 ita
1046 2053 1272 2148 replebimus,
1288 2072 1326 2125 ut
1338 2053 1456 2155 mediae
1469 2077 1530 2125 va-

466 2230 479 2240 Ι,
564 2192 637 2246 enee
655 2167 729 2238 sinn
751 2189 828 2239 cum
849 2161 1328 2256 cornprehenderit'oleaster,
1349 2161 1530 2233 inseremus

565 2275 602 2351 in
616 2271 756 2360 infimo,
769 2270 827 2343 uel
842 2270 977 2346 insnum
990 2292 1176 2365 ponemus:
1192 2273 1436 2346 &insitionem
1450 2296 1530 2365 pro·

565 2411 608 2483 pe
627 2385 715 2458 infra
733 2404 855 2472 terram
878 2373 1077 2461 nutriemur.
1101 2380 1222 2458 deiude
1240 2383 1323 2454 sicut
1344 2382 1531 2470 adolescit,

564 2516 688 2569 terram
708 2485 849 2568 subinde*
867 2491 1071 2590 colligimus.
1093 2497 1140 2565 lta
1163 2490 1376 2567 commissura
1395 2492 1430 2561 in
1446 2517 1528 2586 pro·

565 2606 674 2680 fundo
698 2606 843 2694 latente,
856 2603 1008 2702 quisquis
1030 2602 1097 2678 urit
1122 2622 1181 2677 aut
1199 2602 1325 2691 eaedit,
1347 2600 1450 2673 olivae
1474 2601 1530 2672 lo·

557 2740 644 2790 *cum
666 2741 738 2790 non
755 2714 864 2788 aufert
882 2711 1070 2811 pullulandi
1082 2737 1093 2787 t
1107 2737 1183 2809 quae
1205 2714 1243 2786 δι
1263 2728 1412 2807 apertam
1430 2712 1529 2783 rede·

563 2826 647 2908 undi
667 2824 861 2921 felicitatem
877 2825 918 2896 de
936 2822 1033 2913 olea,
1048 2825 1086 2897 δι
1105 2822 1276 2898 occultam
1291 2820 1427 2894 valendi
1444 2823 1529 2900 seram

534 3006 537 3009 .
565 2922 701 3008 citatem
728 2936 770 3007 de
801 2934 935 3007 oleastri
963 2933 1183 3008 connexione
1208 2931 1378 3007 retinebit.
1414 2934 1528 3030 Aliqui

564 3040 661 3110 oleas
678 3039 713 3111 in
737 3039 906 3117 radicibus
930 3038 1102 3125 inserunt,
1120 3045 1177 3128 dc,
1192 3042 1250 3112 ubi
1265 3041 1529 3138 comprehende-

564 3147 634 3219 rint
646 3198 660 3237 ,
673 3171 750 3223 curn
771 3147 882 3254 aliqua
898 3165 992 3242 parte
1006 3150 1128 3222 radic-is
1140 3150 1314 3241 avellunt,
1334 3155 1372 3229 &
1385 3155 1529 3227 transse-

563 3274 648 3327 runr
669 3277 766 3339 more
790 3254 992 3349 plantarum„
1014 3256 1129 3329 Graeci
1145 3256 1237 3331 oleas
1257 3260 1302 3335 ab
1320 3263 1444 3334 oslavo
1460 3265 1529 3343 Ka·

563 3363 735 3462 lendarurn
751 3362 918 3460 Aprilium
936 3362 990 3435 die
1003 3418 1017 3455 ,
1028 3363 1132 3462 usque
1146 3366 1183 3444 in
1199 3367 1334 3441 tertium
1348 3370 1528 3443 Nonarum

564 3464 645 3548 tulii
667 3472 768 3544 inseri
786 3473 906 3574 debere
928 3471 1157 3569 praecipiunt:
1176 3476 1221 3547 ira
1236 3494 1273 3547 ur
1292 3476 1378 3568 locis
1401 3476 1529 3576 frigidis

494 3593 515 3640 ι’
564 3583 689 3672 serius,
704 3581 821 3661 calidis
840 3581 1005 3661 maturius
1023 3585 1223 3663 inserantur.
1245 3588 1346 3667 Locis
1360 3586 1529 3685 frigidissi-

565 3693 630 3767 mis
650 3719 742 3775 nunc
759 3692 934 3798 'vinearum
950 3692 1053 3774 foffio
1071 3715 1148 3770 anre
1162 3698 1238 3772 ldus
1253 3700 1440 3795 peragenda
1461 3700 1507 3772 est
1517 3754 1531 3788 ,

562 3788 601 3883 &
620 3807 644 3880 si
666 3815 735 3904 qua
753 3808 795 3910 de
813 3808 945 3902 Martio
961 3807 1077 3888 meuse
1089 3809 1265 3887 restabam..
1281 3812 1377 3883 Vites
1389 3837 1529 3909 quoque

562 3906 753 3996 inserimus}
772 3918 1066 4016 Seminaria,quae
1087 3918 1163 3989 sunt
1189 3941 1269 3994 anre·
1288 3919 1393 4011 salla,
1415 3922 1531 3998 herbis

542 4026 823 4122 .liberentut‚„&
840 4027 962 4105 leniter
983 4026 1299 4111 circumfodiamur.
1320 4031 1422 4107 Nunc
1440 4033 1529 4126 locis

561 4129 781 4222 rnediodrittr¹
793 4129 890 4238 fictis
899 4139 1032 4210 milium
1042 4136 1203 4229 semmua,
1216 4143 1252 4211 ὃ(
1267 4139 1435 4234 panicum.
1448 4144 1526 4217 Hoc
1575 4129 1579 4134 .

562 4246 674 4322 mense
693 4248 834 4347 pingues
857 4250 991 4344 campi,
1011 4254 1048 4323 δι
1068 4251 1163 4347 agri,
1175 4253 1233 4345 qui
1253 4252 1312 4324 diu
1334 4278 1454 4349 aquam
1475 4277 1527 4330 te.-

562 4372 673 4469 nent3
688 4357 947 4464 proscinduntur
965 4359 1042 4459 post
1055 4359 1152 4450 Idus,
1168 4386 1247 4437 cunr
1259 4363 1296 4441 dc
1310 4386 1429 4438 omnes
1444 4364 1524 4437 hen-
