3875 5759
482 935 550 1015 372
648 908 1155 984 vacarrrrra.
1205 913 1274 987 ιιι.

481 1070 641 1171 ponitur,
652 1072 690 1147 δι
701 1069 820 1165 sponte
831 1066 1001 1142 decidunt.
1017 1072 1120 1141 Ferro
1133 1069 1231 1142 etiam
1249 1068 1438 1166 praecidun-

405 1189 410 1202 '
483 1204 558 1271 tur,
574 1186 612 1258 δι
626 1184 665 1276 de
680 1179 833 1254 cauterio
854 1180 973 1251 leviter
992 1179 1104 1252 adusta
1127 1179 1292 1253 sanantur.
1324 1221 1330 1232 ae
1402 1269 1406 1276 Ι

533 1294 655 1367 xvttt
675 1286 847 1358 interdum
871 1284 1030 1381 jumentis
1053 1287 1167 1361 misera
1194 1287 1232 1359 fit
1248 1313 1359 1378 coxa,
1382 1281 1442 1363 cui

475 1402 527 1477 de
545 1397 641 1471 venis
659 1393 798 1466 semoris
814 1394 944 1491 sanguis
962 1395 1148 1484 emittitur,
1161 1399 1200 1471 δι
1219 1398 1255 1469 in
1270 1397 1347 1469 vase
1363 1399 1442 1469 dili·
1470 1421 1473 1426 ·

485 1527 601 1609 genter
616 1501 795 1598 excipitur.
817 1501 1016 1576 admiscetur
1041 1497 1139 1575 e'tiam
1165 1506 1278 1601 pulvis
1303 1506 1443 1602 sulphu-

484 1617 549 1704 ris,
564 1612 644 1683 nitri
656 1612 835 1686 baccarum
849 1610 956 1701 lauri,
972 1611 1066 1683 srmul
1084 1613 1189 1704 tritis,
1202 1619 1239 1689 δι
1255 1635 1373 1687 contra
1388 1616 1446 1711 pi.-

484 1724 538 1795 los
560 1719 739 1814 diutitsrme
756 1718 974 1816 perfricatur,
994 1722 1031 1793 δι
1053 1744 1112 1815 per
1136 1722 1283 1794 triduum
1304 1723 1348 1794 sac
1362 1748 1446 1817 per·

388 1880 394 1898 ,
420 1906 422 1909 ,
484 1853 621 1904 manere
643 1827 857 1925 permittitur.
880 1831 975 1924 Aqua
996 1828 1117 1919 etiam,
1138 1830 1256 1926 inqua
1280 1833 1447 1903 verbenae

486 1940 593 2014 codae
615 1928 714 2026 sunt,
735 1936 849 2033 tepida
869 1955 919 2009 tet
937 1936 972 2005 in
993 1935 1047 2032 die
1068 1935 1289 2010 fomentabis:
1313 1940 1447 2031 pedes,

487 2072 576 2146 quos
595 2047 690 2119 sanos
710 2043 835 2133 habet,
858 2044 971 2140 glante
993 2042 1129 2130 ferreo,
1152 2045 1208 2116 vel
1229 2044 1253 2115 fr
1272 2044 1448 2134 defuerit,

488 2160 615 2261 spartea
636 2152 818 2242 calceabis,
837 2152 891 2223 cui
903 2150 1084 2224 lemniscos
1097 2150 1269 2243 subjicies,
1284 2155 1320 2224 δι
1333 2153 1451 2226 addita

408 2305 411 2312 ·
488 2266 624 2342 fasciola
645 2260 890 2359 diligentissime
913 2260 1117 2358 colligabis,
1138 2265 1176 2337 δι
1200 2262 1454 2357 suppositicianr

489 2376 592 2451 facies
611 2374 697 2471 parti
708 2372 869 2466 illi,quae
890 2367 1009 2440 misera
1029 2369 1097 2458 est,
1111 2388 1149 2443 ut
1169 2373 1283 2467 planas
1301 2374 1451 2470 ungulas

490 2486 591 2583 poffit
611 2506 750 2579 ponere.
766 2477 986 2579 Synchtisma
998 2478 1098 2550 etiam
1113 2504 1277 2577 perunges
1298 2479 1333 2551 in
1352 2482 1451 2573 sole,

491 2600 530 2671 &
551 2618 622 2666 non
645 2591 778 2684 minus,
798 2613 899 2685 quam
922 2602 1022 2660 unam
1040 2579 1181 2675 horam,
1203 2609 1323 2663 contra
1339 2592 1473 2701 pisum⁸

377 2791 379 2797 ¹
492 2702 737 2805 diligentissime
753 2698 971 2775 confricabis.
989 2698 1021 2771 si
1045 2698 1207 2793 ejusmodi
1231 2727 1311 2773 cura
1338 2704 1451 2775 tarda·

493 2817 604 2902 verit,
620 2832 741 2887 contra
761 2835 858 2883 coxae
875 2806 1124 2882 commissuram
1143 2828 1290 2906 quatuor
1309 2809 1452 2884 forami·

492 2923 594 2995 nibus
617 2933 751 2995 cautere
770 2919 955 3014 pertunde,
976 2918 1015 2989 dc
1036 2939 1167 3013 pannos
1187 2918 1245 2988 vel
1269 2918 1451 2995 lemniscos

493 3052 536 3098 ex
555 3044 653 3096 aceto
669 3028 705 3098 dt
722 3026 803 3097 oleo
819 3024 877 3094 sub
898 3041 974 3094 cute
989 3047 1049 3118 per
1070 3021 1237 3095 foramina
1260 3026 1363 3099 traice
1389 3054 1452 3122 per

491 3130 662 3219 triduum,
683 3128 757 3225 posi
777 3128 976 3202 traumatico
998 3128 1140 3203 illinitos
1164 3157 1313 3227 pannos,
1331 3134 1454 3208 diebus

492 3261 619 3311 novem
633 3262 692 3334 per
708 3237 823 3309 eadem
839 3234 1003 3318 foramina
1015 3238 1168 3329 traicies,
1184 3241 1240 3314 vel
1252 3240 1357 3314 calida
1370 3266 1452 3314 ver·

491 3352 639 3425 benacea
659 3349 784 3438 utaris,
798 3351 843 3423 δι’
857 3341 901 3419 fic
920 3346 1099 3424 lemniscos
1119 3336 1280 3446 subjicias.
1294 3352 1450 3425 Undeci-

492 3485 552 3534 mo
565 3483 705 3556 quoque
719 3457 772 3531 die
783 3452 964 3531 lemniscod
979 3456 1147 3534 educes&
1161 3460 1302 3533 incretas
1314 3459 1452 3549 locum,

491 3585 531 3641 ut
546 3567 630 3639 cutis
642 3567 682 3636 ad
700 3567 816 3662 pulpas
830 3568 1006 3640 adhaereat.
1024 3567 1112 3639 Cum
1128 3568 1299 3643 cicatrices
1313 3568 1344 3640 se
1359 3568 1453 3641 clau·

493 3673 613 3761 serint,
631 3672 811 3745 causticam
828 3672 1020 3769 imponunt.
1033 3676 1105 3747 Hac
1118 3677 1377 3773 rationeemota
1394 3676 1453 3748 vel

493 3784 568 3858 laesa
587 3808 674 3858 coxa
694 3771 869 3858 sanabitur.
889 3785 954 3856 sed
971 3783 995 3855 sr
1013 3807 1134 3856 coxam
1153 3785 1288 3879 ejecerit
1306 3811 1453 3859 emove·

493 3894 622 3991 ritque,
643 3894 738 3990 quod
760 3920 779 3965 a
798 3893 1031 3966 mulomedicis
1052 3893 1176 3967 dicitur
1197 3894 1285 3969 filius
1313 3896 1454 3986 laesrsse,

492 4002 619 4077 certior
635 4007 672 4078 dc
691 4000 824 4075 facilior
836 4002 968 4075 curatio
980 4001 1119 4074 inventa
1134 4005 1301 4096 docetur,
1315 4006 1353 4077 δι
1369 4030 1456 4100 pro·

491 4108 579 4181 bata.
601 4133 677 4182 nam
698 4107 822 4179 dudum
838 4108 994 4180 claudum
1013 4109 1135 4182 animal
1151 4111 1184 4181 in
1201 4112 1270 4183 sole
1290 4131 1457 4207 ponunt,

456 4311 457 4317 ἵ
492 4217 578 4290 vino
595 4220 634 4291 &
653 4219 734 4289 oleo
751 4217 912 4290 calefacto
926 4217 1129 4291 calefaciunt
1149 4220 1277 4323 ipsum,
1292 4222 1458 4311 hoc‘est,

491 4320 658 4414 juncturas
671 4350 768 4401 coxae
780 4325 959 4400 diutissime
976 4327 1193 4418 confricant,
1208 4331 1321 4403 donec
1341 4331 1456 4405 sudet:

879 4615 895 4648 ‘a
