3875 5759
552 943 625 1021 ³40
722 919 1232 995 vacurrrme.
1280 924 1350 997 111.

553 1078 779 1156 subvehendis
806 1096 961 1176 carpenta
990 1078 1151 1155 sudarent.
1174 1081 1268 1175 Quid
1289 1084 1330 1157 de
1353 1084 1509 1161 diverso·

551 1177 629 1266 rudt
655 1215 796 1263 onerum
816 1189 1081 1285 comparatione,
1095 1190 1296 1283 referamus,
1317 1195 1395 1268 dunt
1420 1197 1511 1269 inter

552 1269 692 1377 mdbilia
712 1302 750 1374 &
770 1298 935 1397 quidquid
953 1300 1091 1398 gravius
1111 1301 1179 1391 est,
1199 1302 1321 1402 absque
1345 1306 1510 1380 vehiculis

552 1436 650 1510 paene
668 1410 824 1481 reddatur
846 1410 1049 1483 immobile?
1064 1410 1207 1508 Reliqua
1229 1438 1366 1513 quoque
1379 1416 1512 1488 anima·

552 1523 622 1605 lia,
636 1518 781 1614 ipsaque
800 1519 995 1593 cohortales
1014 1543 1095 1592 aves
1109 1544 1152 1592 ex
1166 1545 1285 1616 eorum
1306 1525 1445 1620 capiunt
1458 1527 1515 1606 lat-3

551 1634 637 1708 bore
655 1630 879 1704 substantiam.
898 1632 998 1703 Unde
1011 1629 1100 1703 enirn
1113 1631 1209 1727 equis
1222 1631 1402 1723 hordeum,
1420 1638 1514 1711 unde

552 1743 664 1819 cibum
685 1740 844 1829 canibus,
867 1739 956 1811 unde
977 1735 1090 1836 porcis
1105 1738 1265 1834 pabulum
1287 1741 1514 1819 dominorum

445 1840 452 1848 ’
551 1850 699 1928 sollertia
711 1849 927 1939 ministraret,
938 1848 974 1920 ni
988 1866 1180 1945 pararentur
1189 1848 1294 1922 boum
1306 1850 1422 1923 labore
1436 1852 1514 1925 fru-

550 1958 691 2035 mental
710 1961 752 2031 Er
778 1984 819 2031 ne
839 1957 983 2054 longum
992 1953 1151 2058 faciam,
1167 1957 1275 2028 bobus
1301 1957 1423 2028 debent
1445 1960 1514 2029 ali-

551 2089 686 2158 menta,
702 2067 864 2164 quidquid
878 2068 923 2139 ali
935 2065 1054 2161 potest.
1070 2065 1168 2162 Apud
1184 2065 1268 2138 alios
1280 2091 1381 2163 genus
1395 2068 1516 2140 mulo-

552 2206 627 2252 rum
641 2229 653 2266 ,
667 2175 754 2269 apud
768 2176 852 2245 alios
867 2175 1094 2262 camelorum,
1109 2176 1198 2269 apud
1211 2200 1336 2271 paucos
1354 2175 1515 2269 elephan-

552 2305 666 2357 torum
681 2282 760 2353 licet
773 2281 915 2376 exiguus
928 2282 1004 2353 usus
1022 2280 1091 2353 est:
1112 2283 1202 2354 nulla
1218 2284 1327 2378 potest
1343 2284 1438 2355 natio
1450 2286 1536 2384 elle·

513 2475 520 2492 ἱ
552 2394 621 2466 fine
639 2392 758 2463 bobus
774 2390 947 2462 Postremo
964 2408 1001 2461 ur
1015 2390 1056 2493 ad
1072 2390 1445 2484 providentiffimorum
1459 2397 1516 2466 vi-

552 2527 669 2576 rorunt
686 2500 804 2598 scripta
825 2499 1019 2589 redeamus,
1035 2525 1179 2597 quotum
1194 2500 1345 2574 firmatur
1367 2506 1517 2577 auetoria

554 2633 629 2703 ras,
647 2609 806 2685 Iustitiam
821 2609 1052 2704 jumentorum
1070 2608 1162 2682 carde
1182 2610 1335 2684 violenta
1349 2612 1514 2685 derelidlis

553 2719 651 2793 terris
663 2717 705 2791 ad
718 2718 859 2790 siderum
883 2717 1040 2808 remeasse
1060 2717 1265 2791 consor-tem.
1286 2720 1381 2812 Quid
1405 2722 1514 2815 potest

553 2825 754 2899 laudabilius
766 2825 929 2922 reperiri,
948 2849 1050 2922 quam
1067 2843 1105 2896 ut
1119 2849 1245 2898 nornen
1268 2827 1513 2922 aequiffimum,

553 2938 661 3010 boum
669 2925 845 3030 fugaretur
856 2934 995 3006 interitu
1007 2936 1021 3006 i
1032 2933 1149 3028 quod,
1161 2933 1241 3006 dum
1251 2935 1435 3007 homicidia
1451 2936 1513 3009 fie-

554 3063 652 3131 rent,
670 3044 885 3134 permanebat
899 3043 933 3112 in
952 3042 1058 3111 terris.
1070 3043 1255 3137 Duplicem
1273 3044 1376 3141 igitur
1389 3044 1514 3120 sollici-

431 3205 434 3219 .
553 3145 706 3219 tudinem
720 3164 858 3239 oportet
870 3145 1037 3240 impendi,
1051 3165 1088 3217 ut
1101 3146 1220 3221 sanitas
1233 3150 1429 3246 incorrupta
1443 3179 1514 3227 nra·

545 3270 644 3340 neat,
654 3255 691 3325 &
704 3249 884 3348 aegritudo,
900 3277 977 3348 quae
988 3278 1029 3323 ex
1041 3254 1130 3346 casu,
1140 3258 1196 3330 vel
1213 3260 1422 3357 negligentia,
1437 3262 1512 3335 five

553 3362 671 3434 labore
691 3360 863 3434 contrado
883 3362 952 3453 est,
973 3368 1197 3464 competentis
1217 3370 1390 3447 medicinae
1411 3394 1511 3453 cure÷

509 3473 520 3494 ⁹
553 3489 610 3545 tur
628 3467 771 3544 ratione.
1217 3478 1224 3493 ‘

878 3697 1185 3775 Cnrurl.

554 3851 650 3990 Ur
673 3909 822 4012 longaevi
841 3915 878 3987 δι
898 3911 969 3984 sani
986 3912 1049 3985 lint
1066 3914 1175 3989 boves
1186 3969 1198 4005 ,
1214 3916 1399 3993 bubulcum
1426 3942 1514 4008 conf

553 4021 652 4092 venir
673 4019 855 4116 providere
869 4021 926 4100 vel
938 4022 1133 4114 dominum,
1150 4046 1314 4123 quatenus
1328 4028 1516 4128 frigoribus

554 4131 754 4206 talidillimo
767 4133 871 4205 cubili
882 4134 1089 4223 muniantur,
1103 4138 1160 4228 δι,
1173 4135 1278 4209 fiheri
1289 4141 1413 4233 potest,
1427 4142 1517 4216 sem·

553 4267 614 4335 per
635 4242 717 4317 foco
736 4242 843 4314 vicini
857 4244 920 4316 smt
932 4246 1051 4318 boves.
1066 4250 1225 4340 Quodam
1238 4249 1327 4321 enirn
1344 4250 1516 4323 beneficio

551 4352 697 4425 naturali
713 4351 878 4449 ejusmodi
893 4352 1092 4430 animalibus
1109 4354 1238 4454 semper
1250 4356 1337 4455 ignis
1354 4381 1515 4430 comnio-
