3875 5759
506 1008 509 1013 ,
550 921 685 996 runs
708 916 922 1036 vertum.
948 917 1047 991 slve
1073 916 1262 994 muron.
1320 917 1392 1019 269·

428 1079 630 1175 Huiusmodi
644 1086 766 1153 'autem
792 1062 871 1149 sunt
893 1076 1083 1149 adhibenda
1102 1078 1270 1152 remedia:
1294 1080 1395 1176 Aqua

430 1189 533 1264 calida
561 1212 658 1260 renes
688 1185 841 1261 animalis
868 1184 1048 1257 diutissime
1072 1184 1300 1275 fomentabis,
1326 1187 1398 1266 fuer·

430 1299 583 1395 numque
597 1322 674 1369 cum
690 1288 816 1383 calida,
830 1312 868 1366 ut
888 1317 1001 1390 vapor
1016 1295 1120 1391 magis
1139 1314 1310 1391 penetret,
1325 1295 1397 1370 fre·

429 1426 570 1504 quenter
591 1399 759 1503 apponis,
775 1403 851 1501 post
873 1405 994 1480 ciliciis
1014 1405 1192 1511 diligenter
1206 1405 1397 1505 absterges,

429 1517 544 1587 oleum
558 1534 656 1587 vetus
672 1517 710 1587 δι
724 1513 834 1609 picem
849 1505 1033 1611 liquidam,
1045 1516 1082 1587 δι
1096 1510 1211 1587 oleu'm
1225 1514 1416 1602 laurinum,
1500 1580 1502 1584 ,

429 1623 567 1709 misces,
587 1622 783 1716 calefacies,
797 1626 834 1697 &
858 1624 1035 1697 diutissime
1050 1622 1270 1720 perfricabis,
1291 1625 1336 1699 ita
1357 1628 1413 1703 &-

429 1734 603 1808 testiculos
624 1733 697 1828 ejus
715 1760 911 1833 perunges,
935 1737 973 1807 &
993 1733 1029 1804 in
1053 1734 1220 1806 auriculas
1250 1737 1399 1811 calidum
1430 1785 1432 1790 -

429 1845 639 1920 medicamen
655 1845 824 1946 infundes.
839 1846 927 1915 Tam
948 1843 1007 1914 diu
1023 1866 1134 1914 autem
1148 1842 1343 1937 fricabitur,
1357 1843 1398 1921 us

430 1956 546 2031 sudare
566 1959 708 2055 incipiat
728 1961 766 2033 &
792 1974 936 2030 ventum
963 1955 1142 2042 emittere,
1163 1982 1302 2054 exiquo
1324 1959 1398 2055 spes

430 2068 615 2140 ostenditur
629 2067 786 2139 sanitatis.
800 2066 912 2169 Quod
922 2064 1004 2140 loco
1015 2065 1127 2141 calido
1145 2066 1283 2159 statues,
1297 2093 1336 2143 ac
1349 2068 1400 2143 sa·

431 2180 481 2275 gis
498 2178 681 2275 cooperies
696 2176 892 2275 diligenter,
904 2176 992 2255 hauc
1015 2179 1150 2255 daturus
1164 2180 1318 2278 quotidie
1331 2204 1400 2279 po·
1471 2228 1473 2234 .

433 2287 573 2359 tionem.
594 2284 721 2383 Piperis
740 2308 843 2381 grana
863 2284 1132 2382 quinquaginta,
1153 2288 1400 2385 petroselinum

378 2469 380 2474 ,
431 2416 597 2492 quantum
623 2414 774 2493 quatuor
802 2394 901 2492 digiti
932 2396 1252 2492 comprehendunt,
1280 2398 1402 2476 cimini

431 2502 655 2576 Alexandrini
683 2503 910 2590 tantundem,
935 2502 1051 2575 cimini
1077 2527 1218 2600 quoque
1245 2504 1404 2599 Africani

416 2618 654 2705 tantundem,
667 2614 780 2687 semen
795 2613 863 2708 apii
873 2612 1091 2698 „murrham,
1107 2607 1254 2708 nepitarn
1268 2666 1278 2705 ,
1291 2615 1400 2688 trixa-

433 2724 575 2822 ginern,
603 2726 709 2819 arquis
740 2719 978 2817 ponderibus,
1008 2720 1130 2815 quibus
1156 2722 1198 2793 ad
1226 2723 1400 2801 dimidiam

433 2833 589 2906 omnium
605 2846 733 2927 partem
746 2830 871 2899 nitrum
883 2827 1062 2900 admiscere
1074 2845 1106 2898 te
1121 2829 1297 2903 convenit.
1310 2832 1401 2928 Qqae

434 2937 552 3010 omnia
571 2938 658 3009 bene
670 2935 748 3007 trita
761 2958 805 3007 ex
820 2934 905 3008 vino
921 2934 1034 3007 calido
1050 2937 1087 3007 δι
1102 2934 1183 3010 oleo
1196 2928 1300 3035 aequis
1312 2964 1401 3035 pon·

435 3049 588 3134 deribus,
602 3050 640 3121 &
655 3046 773 3136 melle,
789 3063 953 3140 quantum
972 3044 1047 3117 satis
1061 3043 1182 3135 suerit,
1196 3048 1300 3124 dabis.
1314 3050 1400 3124 Haec

435 3179 546 3232 autem
558 3158 657 3255 potio
672 3160 711 3230 δι
725 3153 894 3242 calefacit,
906 3156 945 3228 &
957 3176 1111 3230 ventrem
1125 3156 1278 3232 resolvit.
1290 3158 1401 3254 Quod

435 3269 620 3365 remedium
642 3266 808 3339 fitardius
826 3264 1042 3357 subvenerit,
1058 3264 1219 3340 saccellos
1236 3293 1312 3341 cum
1329 3269 1402 3345 sur-3
1442 3352 1446 3360 ,

435 3376 510 3448 fure
530 3377 675 3449 calentes
700 3399 761 3470 per
779 3392 891 3446 toturn
909 3374 1047 3447 dorsum
1067 3376 1106 3448 &
1131 3398 1228 3451 tenes
1246 3377 1401 3453 animalis

434 3482 596 3578 imponis.
608 3482 829 3580 Clysleriabis
849 3481 948 3553 etiam
962 3507 1006 3555 ex
1018 3506 1104 3578 aqua
1122 3483 1278 3556 calida&
1295 3483 1402 3575 οΙεο’,“

437 3596 534 3691 quod
557 3619 633 3665 cum
654 3592 719 3664 sale
739 3594 777 3664 &
799 3592 899 3663 melle
921 3591 1036 3681 Afro,
1056 3596 1093 3667 δι
1114 3594 1232 3686 nitro,
1255 3617 1401 3697 ovoque

437 3701 608 3792 miscebis,
620 3704 658 3776 δι
671 3702 722 3796 ἱῐει1
732 3721 852 3777 ventre
867 3703 1006 3792 laxato,
1021 3704 1060 3777 &
1076 3701 1223 3779 stercora
1238 3708 1400 3779 emittun-

438 3798 551 3884 tut'&
575 3829 710 3883 ventus.
733 3812 843 3904 Quod
871 3811 895 3882 fi
920 3810 1047 3909 clyster
1066 3812 1227 3901 desuerit,
1247 3814 1292 3885 sal
1312 3816 1406 3894 bene.

437 3923 554 3995 tritum
566 3922 683 3997 &mel
702 3946 854 4019 coques,
873 3922 1088 4020 pastillosque
1100 3913 1224 4023 longos
1239 3926 1276 3998 &
1293 3924 1400 3998 duros
1497 3961 1500 3968 >

438 4028 566 4123 facies,
581 4034 620 4106 δι
641 4030 677 4104 in
698 4056 799 4103 anunr
812 4030 954 4124 jumenti
967 4034 1108 4108 interius
1121 4035 1291 4107 immittes.
1307 4036 1398 4126 Quae
1422 4051 1424 4055 ‘

439 4162 491 4208 res
512 4164 649 4212 ornnem
672 4139 865 4237 spurcitiem
891 4129 1048 4216 humoris·
1066 4140 1158 4217 intus
1181 4143 1319 4215 slantem
1335 4143 1398 4215 ab·

440 4246 580 4339 slrahit,
600 4251 638 4321 δι
662 4252 705 4323 ad
731 4248 900 4325 sanitatem
920 4254 1096 4349 perducit,
1118 4277 1183 4328 nec
1207 4252 1255 4326 est
1281 4251 1399 4348 aliud,

442 4356 540 4455 quod
556 4357 660 4456 magis
678 4357 790 4438 valeat
807 4358 1001 4442 subvenire.
