3875 5759
553 833 1420 987 :321Pnuitp1tuur1i11

550 1037 690 1121 diebus,
713 1056 815 1133 atque
836 1033 883 1107 ita
897 1032 1029 1108 horreis
1055 1032 1250 1106 inserantur.
1272 1034 1381 1128 Negat
1402 1030 1517 1103 Cotus
1593 1094 1596 1100 .

552 1146 653 1221 mella
666 1130 860 1218 ventilanda
881 1143 944 1216 esse
959 1140 1146 1244 frumenta,
1160 1140 1241 1237 quia
1255 1140 1359 1238 magis
1373 1138 1519 1211 miscen-

552 1274 610 1327 tur
627 1252 783 1326 animalia
797 1252 879 1325 totis
900 1253 1041 1326 acervis.
1060 1277 1134 1349 quae
1154 1250 1178 1321 si
1199 1276 1268 1323 non
1290 1268 1519 1337 moveantur,

551 1362 590 1436 in
614 1361 799 1434 summitate
819 1361 908 1433 intra
931 1359 1116 1433 mensuram
1142 1358 1243 1452 palmi
1265 1356 1457 1443 subsistent,
1478 1361 1518 1433 &

552 1472 623 1546 hoc
644 1471 739 1544 velut
761 1489 927 1567 corrupto
953 1471 1052 1544 corio
1076 1488 1187 1542 cetera
1210 1466 1312 1539 illesa
1333 1467 1516 1541 durabunt.

552 1579 674 1654 Asserit
693 1579 805 1668 idem,
822 1578 926 1653 noxia
941 1578 1095 1652 animalia
1114 1579 1200 1649 ultra
1214 1575 1403 1671 praedislam
1420 1602 1518 1647 men·

515 1737 522 1746 ·
551 1690 663 1783 suram
687 1712 758 1760 non
780 1688 873 1785 posse
891 1690 1052 1786 generari.
1067 1689 1181 1760 Herba
1204 1711 1338 1784 conyza
1358 1685 1441 1758 sicca
1456 1686 1518 1783 (ut

553 1801 670 1876 Graeci
684 1802 854 1896 afferunt)
869 1801 1025 1874 substrata
1037 1800 1233 1887 frumentis,
1248 1799 1339 1870 addit
1351 1798 1452 1872 aetati.
1473 1800 1518 1870 ab

555 1911 687 1987 horreis
697 1931 810 1985 tamen
826 1912 946 1985 Auster
960 1911 1024 1985 esse
1042 1913 1140 1984 debet
1154 1907 1303 1982 aversus.
1580 1899 1582 1904 ¹

601 2024 685 2123 XX.
701 2021 835 2096 Olearis
849 2022 932 2095 cella
947 2021 1137 2093 meridianis
1149 2020 1191 2092 sit‘
1204 2015 1335 2112 objecta
1349 2015 1516 2111 partibus,

554 2133 593 2204 &
614 2148 737 2203 contra
758 2130 863 2227 frigus
880 2131 1012 2202 munita
1024 2183 1035 2216 ,
1049 2148 1085 2200 ut
1103 2128 1152 2199 illi
1175 2152 1234 2222 per
1253 2124 1433 2223 specularia
1455 2127 1517 2196 de-

385 2230 390 2242 ’
416 2276 422 2297 ι
448 2249 451 2258 “
553 2237 633 2312 beat
654 2238 768 2309 lumen
790 2238 932 2310 admitti.
952 2241 1001 2309 Ita
1023 2240 1061 2310 &
1081 2262 1219 2331 operas,
1237 2262 1313 2332 quae
1332 2235 1441 2307 hieme
1461 2233 1517 2307 su·

554 2365 640 2419 turae
665 2344 760 2436 sunt,
785 2347 896 2418 nullus
913 2347 1010 2442 algor
1034 2347 1215 2440 impediet:
1239 2344 1515 2419 &oleumcum

553 2476 747 2554 premetur,
769 2455 918 2550 adjutum
939 2456 1133 2551 teporibus,
1153 2454 1279 2552 frigore
1298 2478 1369 2524 non
1391 2452 1518 2525 valebit

555 2564 726 2663 adstringi.
739 2564 1239 2660 Trapetis&rotulis&praelo
1252 2582 1326 2635 nata
1335 2561 1381 2634 est
1393 2560 1517 2649 forma,

555 2700 658 2772 quam
678 2674 890 2748 consuetudo
905 2674 1052 2747 dietavit.
1073 2675 1297 2769 Receptacula
1309 2673 1377 2744 olei
1391 2670 1519 2768 semper

546 2783 682 2883 'munda
706 2784 789 2873 sint,
804 2808 847 2856 ne
868 2806 986 2856 novos
1007 2782 1142 2879 sapores
1165 2782 1286 2854 infesta
1309 2782 1417 2853 veteri
1440 2807 1519 2853 ran·

482 2891 486 2899 ⁴
556 2917 640 2968 core
659 2912 889 2989 corrumpant.
905 2895 951 2967 At
970 2893 1085 2991 siquis
1105 2891 1226 2986 majori
1247 2891 1426 2991 diligentie
1449 2890 1518 2963 stu·

555 3000 636 3085 det,
657 3000 808 3095 subjeslis
835 3001 916 3074 hinc
939 3000 1019 3073 inde
1041 3002 1206 3075 cuniculis
1231 3002 1425 3096 pavimenta
1449 3000 1466 3070 s
1487 2999 1518 3072 s·

556 3106 702 3202 pendat,
730 3110 767 3180 &
792 3107 901 3206 ignem
931 3108 1082 3206 suggerat
1107 3109 1246 3183 fornace
1273 3112 1434 3194 succensa.
1468 3114 1519 3187 Ita

427 3286 441 3303 N
556 3236 664 3309 purus
686 3214 782 3293 calor
803 3214 872 3290 olei
897 3216 1016 3289 cellam
1038 3206 1106 3289 sine
1129 3215 1212 3290 fumi
1226 3217 1346 3291 nidore
1369 3243 1518 3315 vapora-

556 3319 631 3500 pit,
654 3347 726 3420 quo
752 3322 839 3422 saepe
861 3323 1050 3417 insedlum,
1074 3326 1194 3401 colore
1223 3328 1452 3426 corrumpitur
1479 3331 1519 3403 δι

572 3453 687 3526 apore.
923 3515 927 3521 ,

593 3617 595 3622 ¹
616 3535 873 3614 xX1.·srabula
896 3567 1064 3640 equorum
1091 3546 1148 3618 vel
1170 3546 1298 3640 boum,
1320 3545 1519 3622 meridianas

557 3645 694 3756 quidem
706 3648 817 3748 plagas
829 3650 1106 3747 respiciant,uon
1117 3677 1228 3728 tamen
1240 3658 1519 3754 e'geantSeptem·

557 3754 680 3828 trionis
694 3755 897 3847 luminibus,
912 3786 987 3857 quae
1002 3788 1061 3858 per
1075 3764 1216 3835 hiemem
1232 3766 1339 3837 clausa
1359 3767 1440 3836 nihil
1455 3789 1518 3835 no·

556 3884 675 3954 ceant,
697 3887 757 3962 per
781 3867 925 3945 ‚aeslatem
948 3872 1109 3967 patesnlla
1131 3874 1337 3973 refrigerent.
1361 3875 1431 3970 Ipsa
1452 3875 1522 3974 sla·⁸

556 3973 638 4047 bula
658 3993 800 4071 propter
818 3980 957 4075 ungulas
971 3982 1188 4071 animalium,
1204 3985 1246 4058 ab
1268 3985 1361 4057 omni
1377 3986 1520 4055 humore

559 4083 712 4180 suspensa
731 4084 804 4160 sint.
822 4089 934 4161 Boves
957 4080 1133 4167 nitidiores
1145 4092 1284 4183 sient,si
1306 4094 1421 4165 focum
1438 4118 1520 4189 pro·

560 4190 651 4263 xime
678 4193 842 4282 habeant,
863 4197 900 4270 &
922 4194 1054 4297 [ignis]
1078 4199 1191 4273 lumen
1214 4201 1401 4275 intendant.
1427 4201 1518 4270 otto

423 4338 438 4352 ε
560 4297 660 4392 pedes
673 4300 716 4372 ad
729 4299 869 4398 spatium
883 4301 987 4377 slandi
999 4304 1134 4405 singulis
1147 4309 1252 4383 boum
1265 4307 1401 4408 paribus
1415 4306 1519 4382 abun-
