3875 5759
743 878 1143 1012 vane-nii*
1317 949 1389 1035 ιη

441 1082 513 1155 Lvl.
530 1092 559 1155 Si
577 1091 795 1171 pulmunculum
809 1090 846 1155 ad
860 1106 1019 1172 aperturam
1035 1095 1143 1159 fecerit.

441 1182 527 1245 LVII.
548 1185 577 1245 Si
592 1184 808 1263 exunguiaverit
819 1189 999 1263 jumentum,
1011 1190 1038 1248 ἃ
1052 1175 1072 1248 si
1087 1184 1269 1250 suffusionem
1281 1190 1389 1268 pedum

483 1280 618 1355 patiatur.
1124 1319 1127 1340 .

444 1367 545 1432 LVIII.
562 1369 605 1431 De
616 1368 738 1447 pedibus
755 1371 879 1444 attritis,
894 1371 951 1433 five
966 1369 1112 1437 mollibus.
1240 1409 1252 1436 9

443 1456 521 1522 LIX.
536 1459 579 1522 De
594 1461 676 1523 dorso
693 1462 900 1524 confirmando,

443 1550 507 1616 LX.
525 1554 568 1615 De
582 1554 664 1617 dorio
682 1559 806 1619 curando
822 1560 882 1633 iam
898 1555 973 1618 laeso.
1029 1613 1031 1617 .

445 1643 521 1707 LXI.
540 1648 571 1708 δί
588 1645 789 1724 pulmunculus
803 1647 925 1708 nascitur
941 1648 972 1708 in
986 1643 1069 1709 dorso
1086 1637 1223 1712 animalis.

445 1736 536 1800 LXII.
555 1738 584 1801 Si
599 1738 700 1802 vulnus
714 1741 822 1802 fecerit.
989 1740 992 1744 ’

445 1830 552 1895 LXIII.
571 1835 609 1897 Ut
624 1833 876 1912 pili-renascantur.
988 1804 990 1808 .

445 1924 545 1987 LXIV.
562 1926 606 1989 De
626 1927 807 2006 denigrandis
823 1915 889 2001 pilis
903 1915 986 1987 albis.

447 2015 535 2081 LXV.
553 2020 592 2080 Ut
601 2019 653 2097 pili
666 2020 739 2097 nigri
757 2015 912 2077 albescant.

517 2264 519 2268 ,
642 2203 875 2271 CAPITA
914 2196 1097 2271 LIBRI
1136 2208 1208 2273 111.

451 2371 476 2447 I.
496 2381 540 2444 De
555 2379 730 2443 observanda
741 2381 829 2444 boum
844 2381 980 2459 sanitate,
992 2384 1124 2448 Rubricae
1141 2404 1168 2450 c.
1184 2406 1209 2450 1.
1391 2449 1394 2453 .

452 2476 491 2540 ll.
504 2476 547 2539 De
563 2474 671 2537 morbis
685 2476 790 2551 boum,
803 2479 830 2539 ἃ
842 2478 935 2555 primo
948 2479 986 2541 de
996 2479 1111 2542 malleo.
1129 2478 1203 2541 Rub.
1215 2491 1242 2542 c.
1253 2490 1282 2544 io
1380 2495 1383 2500 ·

452 2569 504 2633 111.
522 2569 565 2632 De
584 2571 735 2630 cruditate.
754 2569 828 2632 Rub.
847 2588 873 2633 c.
888 2591 914 2653 3.

451 2663 500 2725 IV.
519 2661 562 2723 De
576 2661 664 2723 febre.
683 2658 758 2722 Rub.
774 2678 840 2733 c.4.
974 2685 975 2692 ¹

451 2751 491 2818 II.
509 2756 538 2817 si
553 2768 664 2813 'vermes
683 2752 788 2812 animal
805 2750 913 2812 fecerit.
927 2745 989 2813 Lib.
1002 2741 1054 2813 111.

452 2841 506 2906 III.
521 2833 565 2904 De
577 2856 644 2901 cura
658 2840 833 2901 lumborum.

342 3003 347 3012 ι
454 2938 502 3000 lv.
519 2935 632 3013 Quibus
651 2934 734 3010 signis
751 2933 835 2994 dolor
850 2949 950 2996 renum
966 2929 1118 2997 indicetur.

454 3030 490 3092 V.
507 3029 550 3090 De
565 3026 683 3087 internis
701 3024 835 3087 musculis
855 3041 967 3091 renum.
1059 3034 1067 3051 ·’

455 3115 503 3184 VI.
523 3122 552 3182 si
568 3120 642 3180 talus
652 3131 735 3178 exeat
748 3116 876 3180 animali.
906 3137 908 3140 ·

456 3209 520 3277 VII.
536 3214 580 3274 De
598 3209 696 3273 dolore
711 3230 819 3275 renum.

376 3338 379 3345 ·
456 3306 533 3373 VIII.
550 3309 592 3370 De
612 3322 724 3368 tumore
738 3307 861 3369 testium.

457 3404 513 3467 IX.
528 3405 557 3465 Si
568 3414 668 3461 natura
682 3402 806 3461 revocari
823 3419 883 3461 non
900 3402 993 3479 poffit.

458 3500 499 3561 X.
518 3500 547 3561 Si
564 3502 726 3572 jumentum
742 3496 910 3574 sanguinem
929 3490 1070 3561 minxerit.

459 3588 514 3656 XI.
530 3591 574 3653 De
590 3589 755 3667 dysenteria.
810 3632 813 3642 -

460 3683 529 3751 XII.
544 3685 572 3748 si
589 3682 712 3745 otiosum
729 3675 836 3745 animal
851 3674 1017 3763 sanguinem
1034 3685 1151 3766 mitigat.

461 3776 544 3847 XIII.
561 3780 589 3842 Si
606 3778 711 3840 animal
729 3768 895 3859 sanguiuem
906 3791 1031 3843 evomat.

461 3868 540 3938 XIV.
552 3873 581 3936 Si
596 3871 721 3951 pe'rcuiIa
736 3891 811 3934 vena
824 3873 920 3934 claudi
936 3889 996 3936 non
1009 3864 1104 3954 poffit.

462 3965 528 4028 XV.
545 3965 588 4028 De
602 3964 801 4040 indignatione
818 3965 925 4028 veficae.

464 4053 543 4121 XVI.
561 4059 604 4120 De
619 4059 701 4119 fluxu
716 4056 847 4132 ventris..

465 4149 558 4214 XVII.
575 4151 618 4214 De
633 4155 768 4214 verrucis.
831 4196 835 4203 .

467 4242 575 4304 XVIII.
592 4243 635 4306 De
649 4247 727 4307 vitiis
743 4255 890 4309 coxarunn

467 4326 553 4398 XIX.
567 4334 610 4398 De
625 4334 712 4401 laccis
723 4338 899 4417 gambaram.

1070 4439 1079 4467 ⁸
1155 4428 1254 4548 Pa,
