3875 5759
489 899 541 987 μ’
648 882 857 957 PALLADll
884 882 950 955 DE
967 884 1027 955 RE
1047 881 1178 960 RUST.
1197 888 1333 962 LlB.l.'

489 1045 628 1132 dentes,
641 1041 798 1115 dolabras
808 1040 1151 1148 ,salcesputatorian
1164 1041 1286 1143 quibus
1300 1046 1334 1119 in
1348 1048 1450 1121 arbo·¹

488 1171 528 1230 τε
553 1168 687 1228 utamur
710 1151 854 1254 &psile
878 1158 964 1229 ltem
986 1156 1167 1234 nestoriar
1186 1158 1242 1231 vel
1265 1158 1448 1250 foenarias,

487 1265 639 1363 ligones,
652 1263 771 1360 lupos,
783 1263 818 1336 ul
830 1264 877 1336 est
886 1264 1050 1354 ,serrulas
1063 1268 1289 1376 pranubriatas
1301 1271 1449 1346 minores

487 1374 700 1472 majoresque
719 1374 761 1447 ad
774 1372 960 1448 mensuram
983 1347 1090 1452 cubiti
1101 1377 1248 1474 ‚quibus
1270 1378 1369 1452 facile
1382 1382 1448 1470 est,
1502 1409 1505 1413 ·

488 1484 585 1582 quod
607 1506 665 1577 per
678 1461 886 1554 serramsie'ri
900 1504 972 1568 pon
986 1482 1116 1577 potest,
1129 1483 1309 1560 resecando
1323 1505 1462 1561 trunco·

488 1592 639 1680 arboris,
651 1608 708 1663 aut
722 1590 802 1665 vitis
818 1588 995 1670 interseri.
1007 1615 1106 1682 acus,
1122 1617 1182 1688 per
1195 1619 1276 1690 quas
1291 1594 1326 1667 in
1346 1598 1448 1691 palli·

486 1705 541 1777 nis
554 1701 716 1775 sarmenta
732 1719 950 1796 merguntur.
964 1698 1095 1773 salcesa
1108 1721 1205 1816 tergo
1220 1722 1331 1777 acutas
1344 1725 1447 1802 atque

485 1814 639 1887 lunatas:
661 1808 850 1884 cultellos
839 1815 923 1881 rtem
943 1833 1071 1882 curvos
1095 1791 1245 1885 minores
1249 1836 1337 1906 ,per
1358 1838 1446 1910 quos

484 1918 642 1995 novellis
656 1917 835 1990 arboribus
854 1915 978 1990 surculi
999 1907 1084 1990 aridi
1105 1943 1161 1991 aut
1181 1918 1346 1994 exstantes
1361 1920 1445 1993 saci-

369 2034 372 2052 '
483 2032 551 2116 lius
564 2045 789 2123 amputentur.
804 2030 887 2099 ltem
903 2026 1074 2101 falciculas
1090 2025 1294 2102 brevissimas
1307 2030 1444 2104 tribula·

483 2159 557 2224 tas,
582 2136 707 2233 quibus
735 2132 859 2234 silicem
892 2134 1037 2208 solemus
1063 2136 1279 2225 abscindssec
1305 2138 1444 2216 serrulas

483 2250 651 2335 minores,
671 2269 815 2343 vangas,
832 2269 1025 2336 runcones,
1040 2248 1164 2345 quibus
1182 2267 1319 2346 vepreta
1336 2252 1445 2345 perse·

482 2360 643 2459 quimur3
660 2355 788 2430 beures
807 2354 977 2451 simplices
994 2358 1051 2430 vel
1072 2358 1280 2445 dolabrat'asa
1293 2361 1443 2435 sarculos

481 2471 543 2546 vel
557 2466 726 2564 simplices.
732 2466 790 2537 vel
804 2464 1050 2554 bicomes‚vel
1062 2467 1161 2543 ascias
1175 2470 1210 2552 in
1222 2471 1334 2562 aversa
1349 2476 1442 2567 parte

402 2571 404 2578 ¹
482 2582 664 2656 referentes
682 2578 815 2653 rastros.
836 2582 917 2651 Item
940 2600 1113 2670 cauteres,
1131 2570 1322 2656 caslrator'ia
1339 2582 1442 2657 ferra·

481 2710 594 2772 menta
607 2708 707 2787 atque
720 2688 890 2778 tonsoria,
903 2689 960 2760 vel
974 2713 1051 2786 quae
1067 2691 1108 2761 ad
1124 2690 1318 2763 animalium
1331 2692 1441 2765 solent
1454 2781 1457 2788 Ι

480 2802 649 2901 pertinere
669 2798 882 2871 medicinam.
888 2797 1055 2871 'tunicas
1081 2823 1166 2871 vero
1190 2800 1338 2896 pellicias
1361 2827 1438 2873 cum

480 2908 644 2995 cucullis,
653 2909 691 2979 δι
707 2930 824 2978 ocreas
838 2904 1051 3002 manicasque
1064 2907 1107 2979 de
1121 2907 1282 3031 pellibus,
1292 2933 1370 3004 quae
1384 2909 1440 2982 vel

480 3014 519 3088 in
539 3013 648 3099 silvis,
662 3012 744 3083 vel
737 3039 771 3083 m
788 3013 964 3108 vepribus,
975 3014 1100 3089 ruslico
1116 3016 1213 3112 operi
1232 3020 1271 3089 &
1293 3040 1439 3090 venato·

482 3097 538 3200 rio
558 3121 682 3219 poffint
701 3121 765 3195 effe
784 3147 993 3198 communes.
1013 3126 1161 3222 Expletis
1183 3125 1235 3197 his
1244 3150 1343 3221 ,quae
1366 3153 1438 3220 per·

481 3235 592 3310 tinent
617 3231 659 3304 ad
681 3232 835 3329 generale
860 3251 1084 3327 praeceptum,
1105 3257 1195 3305 nunc
1221 3255 1340 3325 operas
1365 3235 1437 3308 suas

478 3342 617 3441 singulis
638 3343 803 3416 menfibus
816 3342 1130 3438 explicabimus,&
1147 3342 1298 3428 ormense
1319 3346 1437 3418 lanua·

414 3508 418 3517 .
480 3453 535 3527 rio
554 3449 721 3527 faciemus
737 3450 881 3525 initium.

838 3702 1081 3735 m
