3875 5759
515 887 517 892 ’
607 908 737 981 nnus
765 867 979 1000 venturu.
1004 905 1104 979 srvt
1128 863 1318 984 Murmur.¹
1378 939 1449 1014 to
1499 1004 1502 1012 ,
1576 872 1579 882 ’

481 1068 525 1139 ab
538 1067 606 1138 alio
626 1056 768 1162 ¹quoque
795 1064 875 1139 cibo
891 1063 945 1138 vel
962 1063 1104 1161 potione
1120 1067 1352 1161 prohibentur.
1367 1098 1447 1145 nam

480 1177 506 1248 st
521 1176 669 1273 negle&a
682 1174 943 1249 fueritcrudi'ras
950 1225 963 1265 ,
978 1177 1107 1249 ventris
1121 1176 1254 1250 inflatio
1266 1178 1445 1253 intestino·

481 1314 623 1384 rumque
647 1288 882 1385 subsequitur,
908 1285 1067 1394 exprimit
1090 1281 1260 1384 gemitus,
1284 1287 1448 1386 cibosque

482 1421 600 1493 capere
614 1422 695 1472 ‚non
715 1397 811 1486 finit,
827 1420 891 1468 nec
916 1395 952 1467 in
976 1396 1056 1469 loco
1078 1395 1279 1480 consistere,
1303 1396 1445 1474 decum-

455 1517 458 1524 '
481 1505 561 1578 bere
574 1509 611 1579 &
625 1506 782 1579 volutare
794 1504 910 1603 cogit,
921 1507 1127 1604 caudamque
1142 1504 1335 1601 frequenter
1349 1533 1445 1582 com·
1468 1551 1471 1555 ·

482 1638 613 1691 movet.
623 1619 680 1694 De
696 1614 929 1713 experimento
939 1615 1103 1690 medicina
1118 1615 1177 1704 ert,
1191 1616 1331 1689 caudam
1344 1615 1443 1711 juxta

482 1728 597 1801 clunes
616 1728 770 1801 resticula
784 1728 839 1801 vel
855 1727 928 1799 lino
951 1726 1173 1801 vehementer
1184 1724 1368 1824 adstringi,
1382 1728 1443 1800 vi-

446 1827 450 1924 Ῐ
482 1841 584 1939 nique
597 1842 775 1914 sextarium
789 1866 866 1913 cum
881 1837 1014 1910 hemina
1032 1836 1100 1910 olei
1119 1835 1270 1933 tepidum
1287 1839 1365 1910 dare
1379 1865 1440 1934 per

481 1950 614 2039 fauces,
633 1970 741 2048 atque·
754 1951 800 2022 ita
824 1974 883 2041 per
901 1946 993 2021 mille
1014 1944 1219 2043 quingentos
1244 1946 1352 2042 passus
1376 1946 1445 2019 bo·

483 2085 561 2131 vem
585 2078 777 2132 currentem
796 2056 949 2156 trahere:
964 2051 987 2125 sr
1002 2052 1104 2126 dolor
1127 2052 1363 2148 permanserit,
1376 2079 1444 2126 un·

483 2168 576 2263 gulas
598 2167 670 2258 ejus
691 2166 819 2257 secare,
837 2166 875 2239 δι
894 2165 1106 2239 unuamanu
1124 2163 1185 2262 p'er
1206 2189 1308 2237 anum
1325 2162 1444 2240 fimum
1509 2174 1511 2178 ’

484 2276 683 2364 extrahere,
699 2263 743 2347 ¹&
771 2273 880 2366 rursus
906 2296 1003 2372 agere
1027 2292 1229 2348 currentem·
1256 2274 1291 2346 Si
1317 2276 1445 2351 tardius

484 2381 640 2480 proficit,
653 2402 720 2455 tres
735 2400 846 2478 partes
861 2382 946 2458 lauri
967 2382 1026 2455 diu
1047 2400 1295 2473 conteruntur,
1310 2387 1348 2462 &
1365 2411 1444 2460 cum

485 2494 613 2587 duplici
639 2518 735 2590 aquae
759 2491 876 2566 calide
898 2494 1030 2566 dantur.
1053 2493 1086 2565 Si
1112 2491 1172 2563 ista
1200 2517 1280 2564 non·
1301 2491 1443 2579 valent,

483 2620 607 2699 myrtae
622 2600 960 2701 silvestris-soliorum
975 2599 1050 2672 duae
1063 2598 1121 2670 tib.
1139 2600 1330 2680 tunduntur
1343 2598 1378 2673 in
1392 2601 1461 2698 pi··

484 2710 537 2798 la,
552 2714 591 2785 &
603 2714 678 2783 duae
699 2736 741 2781 cx
762 2709 868 2783 calida
881 2733 965 2804 aqua
977 2704 1180 2797 miscentur,
1193 2727 1233 2778 ac
1251 2731 1311 2802 per
1326 2732 1386 2777 vas
1400 2708 1445 2778 li·
1512 2735 1515 2742 ·

486 2822 609 2915 gneum
637 2818 790 2888 saucibus
814 2815 1053 2889 infunduntur·
1069 2814 1237 2909 atqueita
1259 2813 1319 2886 sub
1339 2819 1443 2888 cauda

485 2945 632 3022 quatuor
652 2922 763 3019 digitis
779 2924 822 2995 ab
843 2947 911 2994 ano
927 2922 1074 3017 percussa
1096 2947 1182 2996 vena
1194 2915 1323 3022 sanguis
1343 2925 1452 3000 emit·¹

487 3050 585 3108 tatur.
601 3034 764 3125 Quicum
779 3032 854 3106 satis
876 3031 1058 3120 effluxerit,
1073 3056 1208 3130 papyro
1221 3033 1320 3131 ligata
1340 3034 1447 3107 ca'uda
1466 3114 1469 3119 ,
1508 3064 1510 3068 ·

487 3141 705 3241 restringitur.
721 3140 798 3237 post
817 3140 1010 3215 concitatus
1024 3141 1088 3213 bos
1104 3141 1236 3239 agitur,
1248 3138 1351 3241 usque
1364 3143 1444 3218 dum

488 3253 630 3325 anhelet.
652 3251 742 3325 Ante
757 3250 997 3325 detractionem
1022 3269 1133 3324 tamen
1158 3252 1326 3351 sanguinis
1350 3255 1448 3327 adhi⁴

487 3368 609 3437 bentur
621 3363 684 3435 isia
704 3364 872 3436 remedia:
892 3362 1017 3434 Tribus
1030 3362 1173 3436 heminis
1190 3365 1445 3461 vini,'quatu0r

487 3473 596 3545 unciae
619 3471 759 3543 contriti
781 3469 850 3540 allii
877 3467 1143 3562 permiscentur,
1164 3471 1309 3567 postque
1329 3471 1448 3568 potio·

489 3585 566 3647 rsem
583 3594 724 3670 cogetur
737 3597 893 3647 curreret
907 3574 982 3645 duae
1000 3599 1139 3673 quoque
1153 3578 1264 3652 unciae
1283 3577 1357 3651 salis
1371 3602 1464 3651 cum-

489 3686 605 3757 decem
619 3681 729 3756 unciis
752 3707 908 3779 ceparum
923 3699 1111 3755 atteruntur
1126 3681 1221 3764 :mel
1234 3710 1372 3783 quoque
1392 3687 1453 3755 de·

488 3796 622 3871 cottum
643 3791 865 3881 admiscetur,
879 3816 922 3862 ex
941 3788 1110 3888 quofasia
1127 3793 1276 3891 collyria
1290 3792 1451 3888 longiora

489 3931 563 3978 non
586 3927 701 3999 parum
717 3902 826 3974 valida
840 3901 1026 3974 immittunt
1047 3901 1220 3992 inanum,
1241 3922 1278 3975 ut
1294 3921 1450 3974 ventrem

491 4016 690 4088 resolvant:
712 4028 814 4109 atque
834 4012 878 4084 ita
898 4014 962 4083 bos
981 4033 1117 4083 currere
1142 4012 1287 4108 cogitur.
1309 4010 1449 4081 Ventris
1485 4009 1492 4023 ’

492 4149 632 4222 quoque
652 4127 691 4197 δι
713 4121 944 4195 intestinorum
971 4123 1073 4195 dolor
1093 4122 1251 4208 sedatur,
1273 4119 1297 4190 sl
1319 4117 1450 4192 anseres

492 4249 666 4318 natantes,
681 4236 717 4305 &
736 4230 881 4304 maxime
893 4228 1025 4320 amaret,
1041 4231 1164 4303 animas
1179 4226 1354 4324 aspexerit.
1372 4252 1450 4298 nam

494 4365 573 4415 anas
589 4340 717 4434 mulos,
732 4342 829 4414 etiam
841 4341 1001 4439 equinum
1015 4366 1120 4440 genus
1134 4338 1316 4434 conspectu
1332 4333 1382 4409 sui
1393 4360 1449 4422 ceq
