3875 5759
449 940 534 1060 'it
605 904 1350 1030 Ριιιιυιιιιιιτιιιι
1442 911 1445 914 ’

358 1171 360 1176 -
484 1113 600 1191 drurm
613 1132 680 1187 tres
690 1112 821 1187 sextaru
835 1112 938 1188 tritici
928 1112 1137 1204 sufficient,
1152 1131 1209 1188 aut
1223 1132 1385 1206 creturae,
1400 1115 1450 1193 ita

485 1248 526 1301 ur
541 1224 680 1297 herbum
698 1221 800 1297 foerus
811 1223 916 1323 gratia
935 1223 1100 1302 mentibus
1111 1225 1318 1321 praebearnus
1331 1224 1449 1299 hiber·
1482 1289 1496 1320 ι,

337 1395 339 1399 .
365 1376 368 1383 ‚
474 1332 550 1408 uis.
579 1332 678 1402 Rutae
693 1306 849 1404 ramulos
872 1330 1023 1444 plrgibus
1049 1328 1135 1404 locis
1162 1348 1301 1427 oportet
1326 1351 1448 1409 contra

487 1438 667 1518 animalia
657 1437 794 1511 inimica
809 1438 1055 1535 suspendere.-

534 1553 649 1624 XXV
673 1551 737 1623 Sed
758 1549 958 1645 columbarii
979 1548 1074 1625 tella
1092 1549 1163 1623 duo
1182 1506 1327 1645 subjetta
1349 1553 1449 1628 cubi·

486 1661 564 1739 cula
577 1660 669 1735 fiant.
686 1664 804 1745 Unum
825 1641 951 1752 breve,
971 1663 1009 1735 &
1030 1684 1139 1757 prope
1158 1660 1361 1754 obscurum,
1374 1689 1448 1761 quo
1476 1752 1479 1758 ‚

407 1792 413 1803 ·
485 1791 633 1847 turtures
647 1770 758 1843 claudi
778 1770 913 1866 poffint.
930 1795 1022 1869 quos.
1034 1770 1161 1842 nutrire
1177 1769 1374 1844 facillimum
1388 1773 1447 1851 est.

485 1908 564 1959 uam
582 1880 669 1954 nihil
682 1899 861 1977 expetunt
877 1880 939 1953 nisr
952 1899 990 1953 ut
1002 1879 1110 1952 astate
1117 1904 1207 1977 qua
1220 1878 1289 1952 sola
1301 1883 1448 1958 maxime

370 2073 372 2077 s
484 1989 724 2092 pinguescunt,
737 1988 884 2065 triticum
904 1973 961 2061 vel
976 1989 1104 2063 milium
1118 1988 1221 2062 mulsa
1241 2013 1447 2068 maceratum

486 2104 615 2227 semper
636 2098 813 2196 accipiant.
838 2098 1016 2171 Semodius
1034 2125 1121 2173 unus
1145 2096 1299 2171 diurnus
1309 2119 1446 2174 centum

484 2210 609 2308 viginti
627 2207 818 2282 turturibus
826 2208 957 2281 sufficit.
978 2197 1075 2306 Aqua
1090 2205 1215 2281 saue
1185 2232 1234 2281 ers
1252 2207 1445 2307 frequenter

406 2354 408 2356 ·
481 2313 684 2417 [mundior]
703 2315 801 2387 debet
823 2313 951 2390 offerri.
1247 2377 1251 2385 .

535 2428 664 2502 XXVl.
670 2423 779 2520 uliud
800 2448 885 2498 vero
900 2422 1092 2499 cubiculum
1105 2425 1223 2499 turdos
1239 2424 1374 2501 nutriat.
1385 2424 1447 2526 qui

483 2534 513 2609 (ι
531 2534 644 2607 aheno
662 2552 817 2628 tempore
838 2530 1049 2627 saginentur,
1067 2536 1105 2607 δι
1128 2529 1337 2661 v'oluptatenr
1357 2536 1445 2627 cibi,

485 2650 525 2723 &
552 2645 696 2719 reditum
727 2642 909 2716 maximum
937 2642 1118 2740 praellant,
1140 2643 1295 2741 parcitati
1316 2646 1445 2720 benefi-

485 2756 578 2830 cium
601 2749 809 2827 ministrante
831 2751 975 2826 luxuria.
997 2745 1045 2824 Sit
1067 2772 1177 2826 autem
1191 2754 1285 2829 locus
1299 2750 1445 2832 mundus

484 2878 525 2950 &
536 2876 684 2960 lucidus,
700 2873 737 2946 &
751 2870 901 2968 undique
921 2869 1098 2967 levigatus.
1117 2870 1313 2958 transversae
1326 2872 1362 2946 in
1375 2874 1444 2951 hoc

483 2976 622 3082 perticae
635 2982 783 3078 figuntur
791 3021 812 3069 ‚·
823 2980 947 3085 quibus
961 2979 1085 3074 poffint
1099 2981 1174 3078 poli
1195 2980 1357 3058 inclusum
1374 2991 1445 3059 vok

484 3093 592 3164 latum
617 3089 739 3162 ledere.
770 3089 854 3176 rami
878 3087 980 3160 etiam
1004 3089 1128 3163 virides
1151 3089 1236 3186 saepe
1262 3111 1445 3171 mutentur.

484 3200 617 3275 earicae
630 3197 736 3271 tunlae
754 3194 867 3269 mixtis
883 3196 1064 3291 pollinibus
1082 3197 1256 3296 largiffime
1268 3202 1445 3297 praebeau·

483 3326 562 3383 tur·
573 3306 681 3407 Myrti
704 3306 820 3395 etiam,
837 3306 865 3378 ss
875 3304 1017 3380 facultas
1038 3305 1107 3394 est,
1122 3306 1273 3398 lentisci,
1288 3306 1444 3398 uleallri,

483 3418 616 3505 ederae,
628 3415 740 3489 arbuti
760 3414 883 3503 semila
897 3414 1063 3487 interdum
1079 3415 1122 3486 ad
1134 3416 1340 3513 excludenda
1353 3415 1444 3489 falli·

484 3527 561 3616 dia,
574 3529 612 3601 &
629 3509 874 3622 maxime‘aqua
892 3526 1038 3611 munda,
1053 3525 1250 3620 praebeatur.
1271 3525 1464 3626 Claudaug

482 3653 539 3707 tur
562 3633 654 3705 illaesr
677 3626 888 3708 &recenter
909 3633 1017 3728 capti,
1039 3632 1154 3705 mixtis
1176 3632 1343 3730 aliquibus
1366 3652 1444 3707 aute

482 3745 640 3831 nutritis,
655 3769 802 3842 quorum
815 3742 972 3818 societate
984 3744 1026 3817 ad
1039 3744 1223 3841 capiendos
1235 3746 1332 3832 cibos
1341 3746 1443 3841 pavi·

480 3851 558 3929 dam
574 3880 676 3926 novae
689 3853 890 3946 captivitatis
903 3853 1168 3927 moestitudinem
1184 3853 1427 3929 consulumue·

540 3962 687 4036 XffXVll
710 3957 861 4035 Gallinas
886 3964 1032 4035 educare
1056 3962 1147 4037 nulla
1171 3962 1288 4036 mulier
1315 3962 1444 4051 nescit,

480 4096 559 4170 quae
581 4072 688 4143 modo
709 4067 863 4145 videatur
885 4069 1051 4143 industria
1079 4074 1156 4145 Hoc
1177 4071 1219 4143 tle
1244 4069 1294 4143 bis
1316 4096 1444 4166 praece·
1485 4154 1487 4160 ,

475 4180 564 4274 pille
582 4178 748 4268 sufficiat,
756 4196 792 4250 ut
808 4178 891 4252 fimo
900 4180 1068 4274 ‚pulvere
1090 4189 1248 4269 utantur,
1265 4179 1348 4253 &
1318 4203 1443 4256 cruere.

482 4285 554 4355 Sint
569 4274 736 4382 praecipue
752 4288 897 4385 nigrae
868 4309 925 4359 aut
939 4287 1022 4359 flavi
1034 4288 1162 4361 coloris
1170 4286 1277 4382 ,[sed]
1291 4286 1420 4360 albae
1386 4313 1443 4364 vr·

444 4431 449 4439 ·
478 4413 606 4471 rentur.
628 4399 784 4474 Vinaceae
800 4397 880 4473 cibo
894 4379 1122 4476 sterilescunt·
1111 4450 1123 4470 .
1135 4398 1243 4475 ordeo
1258 4397 1442 4474 lemica&
