3875 5759
502 854 574 955 328
683 811 1014 967 vgacearr
1062 863 1191 976 cra.
1242 863 1290 935 11.

506 1011 611 1120 ticum
634 1012 799 1109 imponis,
813 1017 851 1087 &
865 1013 965 1086 ternis
980 1014 1095 1113 diebus
1109 1017 1310 1114 interpositis
1329 1017 1465 1107 solves,

385 1173 391 1194 ,
507 1126 546 1199 &
567 1125 844 1200 medicamentum
863 1127 1068 1215 renovabis,
1083 1129 1193 1211 donec
1213 1129 1353 1202 sanetur.

556 1233 677 1317 XLIX.
695 1233 728 1301 Si
743 1232 898 1327 aquatilia
912 1234 948 1305 in
961 1233 1110 1308 articulis
1127 1237 1182 1309 vel
1195 1236 1230 1309 in
1245 1235 1372 1333 gambis
1387 1234 1466 1307 fue-¹

508 1341 732 1547 rinthido
749 1341 842 1415 ferro
855 1345 1001 1417 omnino
1016 1370 1088 1417 non
1112 1347 1186 1419 sunt
1206 1348 1397 1445 tangenda,
1422 1370 1465 1416 ne

507 1453 636 1526 abunda
677 1451 707 1523 ia
728 1454 882 1528 humoris
908 1454 1062 1548 jumento
1090 1458 1265 1533 discrimen
1287 1459 1463 1555 importet.

448 1635 455 1657 -.
499 1560 570 1634 ,sed
588 1560 749 1633 utendum
763 1562 810 1634 esl
825 1561 1063 1637 scarificatione
1077 1564 1211 1651 subtili,
1230 1571 1267 1639 &
1283 1563 1465 1638 detractio·

505 1694 551 1740 ne
566 1668 754 1769 sanguinis:
776 1670 851 1767 poll
869 1699 944 1769 quae
958 1672 1043 1744 lavis
1064 1674 1290 1763 validissuma,
1305 1694 1371 1747 tam
1386 1698 1466 1747 cum

507 1798 742 1877 aceto,quam
763 1805 839 1853 cum
858 1782 993 1878 optimo
1014 1782 1077 1856 sale
1094 1783 1216 1873 tunso,
1231 1786 1269 1855 dc
1292 1784 1395 1872 oleo,
1409 1780 1468 1854 vel

509 1888 665 1985 axungia.
685 1911 744 1983 per
762 1887 832 1963 dies
855 1887 1005 1985 quinque
1018 1889 1206 1987 colliganda
1228 1889 1303 1960 sunt
1326 1889 1417 1962 loca.
1432 1887 1469 1960 si

437 2031 439 2036 ·
508 1997 635 2069 tardius
650 1997 721 2069 haec
738 2021 817 2070 cura
830 1996 1037 2093 profecerit,
1050 1999 1209 2071 utendum
1225 1998 1272 2071 est
1284 1996 1472 2069 ferventis·

422 2145 424 2150 ·
479 2188 482 2193 .
508 2102 594 2176 fimo
614 2102 784 2192 caustico,
797 2124 834 2175 ut
856 2101 956 2177 faciat
974 2103 1133 2177 utliones.
1156 2104 1231 2177 Alia
1250 2127 1388 2201 quoque
1412 2128 1470 2175 ra·

508 2214 606 2286 tione
631 2214 812 2299 sanantur,
834 2214 858 2284 sr
883 2215 1020 2300 sletam,
1041 2241 1106 2310 qua
1126 2212 1279 2309 tristores
1299 2230 1469 2297 utuntur,

438 2377 442 2384 -
508 2322 662 2395 &salem
682 2345 745 2416 pro
763 2320 900 2420 dimidia
926 2341 1018 2417 parte
1037 2322 1275 2407 commisceas,
1291 2321 1470 2415 lanamque

407 2497 409 2502 .
509 2428 678 2502 succidam
695 2456 738 2501 ex
757 2449 855 2502 aceto
868 2430 1001 2527 alliges,
1018 2429 1093 2525 poll
1106 2430 1194 2502 diem
1216 2429 1353 2509 tertium
1373 2426 1468 2526 solu·

429 2528 433 2544 ⁵
509 2530 616 2614 turus.
628 2539 662 2611 Si
675 2558 861 2636 aperturam
875 2538 1015 2627 fecerit,
1036 2538 1174 2612 farinam
1189 2539 1412 2620 hordeaceam
1425 2562 1469 2609 ex

509 2651 610 2724 melle
632 2651 760 2722 coslam
780 2673 856 2722 cum
871 2648 932 2720 lini
950 2643 1125 2722 lemine&
1140 2648 1339 2744 foenigraeco
1366 2646 1470 2733 indue

510 2757 560 2832 cis
575 2757 647 2846 ,ad
667 2756 822 2829 ultimum
848 2755 1008 2853 malagma
1027 2757 1166 2829 crudum
1189 2755 1357 2849 impones.
1381 2758 1469 2826 Prae·

512 2887 602 2939 terea
628 2884 850 2939 atramentum
877 2852 1059 2956 sutorium,
1079 2865 1214 2963 gallulas
1243 2865 1408 2951 minutas,
1432 2867 1470 2940 δι

402 2989 404 2994 ’
510 2976 646 3046 alumen
661 2976 763 3069 aequis
775 2967 993 3068 'ponderibus
1000 2975 1140 3082 ,tunsum
1156 3001 1230 3045 cum
1245 2972 1388 3070 axungia
1401 2972 1470 3045 mi·

510 3083 642 3167 scebis,
661 3083 776 3153 addito
797 3085 938 3175 pulvere
953 3082 1195 3181 maligranati,
1210 3082 1324 3171 nitr0,
1341 3085 1378 3154 &
1391 3100 1471 3156 ace·

510 3208 570 3263 to:
591 3214 667 3285 quae
688 3190 723 3259 in
743 3215 924 3262 commune
938 3192 1095 3279 decosla‚
1110 3191 1250 3277 vitium,
1270 3189 1472 3286 sradjunga·

511 3313 584 3385 tut,
596 3296 760 3368 emendat.
772 3286 869 3367 Ficus
883 3295 978 3370 srccae
990 3322 1065 3371 cum
1081 3296 1183 3391 sinapi
1197 3296 1342 3370 contusae
1355 3296 1471 3370 mixto

511 3421 610 3479 aceto
631 3403 864 3498 imponuntur.
890 3404 966 3475 Post
987 3404 1073 3476 diem
1094 3406 1229 3477 tertium
1256 3405 1367 3477 soluto
1391 3428 1470 3475 me·

403 3544 406 3550 ¹
510 3514 726 3601 ‘dicamen10,
743 3512 766 3583 sa
781 3512 905 3585 tardius
920 3512 1122 3608 profecerit,
1139 3516 1250 3586 cadcm
1268 3540 1347 3587 cura
1361 3506 1470 3584 reno-

512 3642 623 3695 vatur.
642 3622 729 3702 Cum
746 3621 862 3694 melius
880 3623 1002 3695 habere
1014 3625 1155 3718 coeperit
1166 3678 1178 3711 ,
1191 3624 1342 3696 alliccem
1358 3622 1472 3718 impo-

512 3756 556 3808 ne
579 3732 736 3806 articulis.
759 3732 826 3806 Alii
842 3758 1079 3829 opoponacem
1099 3758 1175 3805 cum
1192 3732 1298 3805 farina
1321 3733 1472 3805 hordea·

513 3867 573 3915 cea
599 3843 732 3915 coslum
759 3842 794 3911 in
827 3843 968 3914 modum
1001 3840 1241 3937 cataplasmatis
1273 3841 1472 3935 imponunt.

511 3950 681 4024 Nonnulli
695 3948 800 4023 fabam
815 3947 948 4020 sraslam
961 3948 997 4018 in
1011 3972 1095 4043 aqua
1108 3948 1316 4043 decoquunt,
1331 3948 1368 4017 δι
1382 3945 1470 4016 mix·

412 4053 414 4057 ’
510 4077 550 4131 to
571 4059 667 4143 melle
687 4061 864 4144 deterunt,
885 4062 923 4132 &
936 4058 971 4128 in
993 4080 1107 4151 panno
1125 4056 1320 4150 inducentes
1337 4075 1472 4129 curant.

475 4193 480 4209 ¹
511 4171 565 4243 Ad
588 4171 740 4241 ultimum
763 4169 925 4265 malagma
939 4164 1160 4259 cuprellinum
1181 4165 1369 4257 imponunt.
1385 4163 1471 4234 Plu·

479 4331 481 4334 -
506 4296 565 4361 'res
585 4284 712 4361 calcem
727 4284 843 4359 vivam
858 4286 896 4358 δι
910 4282 1037 4357 cineres
1052 4305 1093 4352 ex
1108 4278 1252 4353 melle&
1267 4276 1353 4355 vino
1370 4300 1478 4350 com·-
