3875 5759
600 913 733 984 ARTIS
759 907 974 980 VETERlN.
1000 902 1099 988 SlVE
1124 908 1309 979 MULOM.
1351 930 1435 1003 '433

481 1094 519 1151 ut
534 1099 592 1171 per
605 1100 715 1148 cornu
731 1073 897 1159 defluant,
918 1075 955 1146 ὃ(
971 1071 1134 1145 sextarios
1158 1072 1304 1168 singulos
1320 1071 1441 1166 ieiunis

481 1184 679 1257 animalibus
692 1182 906 1276 pertriduum
919 1181 1020 1255 dabis.
1039 1184 1076 1256 &
1091 1182 1113 1252 sr
1130 1182 1300 1270 volueris,
1316 1184 1439 1278 septem

482 1294 598 1367 diebus
612 1290 813 1385 interpositis
828 1290 968 1384 repetis,
983 1290 1085 1363 &das
1100 1291 1237 1383 acapite
1254 1290 1440 1384 potionem.

482 1408 635 1479 lumenta
650 1429 669 1476 a
684 1385 814 1473 ntbrbis
834 1401 985 1473 vindicat
1002 1404 1038 1473 bc
1057 1400 1221 1474 custodit:
1243 1403 1444 1491 Gentianae,
1494 1432 1498 1441 ’

483 1512 688 1609 aristologiae
706 1512 878 1600 rotunda,
897 1511 1051 1608 ,myrrhae
1074 1510 1305 1607 troglodytis,
1330 1511 1447 1584 rasurae

485 1620 620 1710 eboris,
637 1622 674 1693 δι
689 1620 867 1693 baccarum
882 1618 965 1690 lauri
983 1616 1087 1714 aequis
1107 1617 1312 1711 ponderibus
1332 1620 1446 1713 pulvis

486 1728 681 1815 immixtus,
703 1752 745 1799 ex
760 1745 829 1825 quo
850 1728 975 1822 grande
990 1723 1168 1799 cochleare
1183 1724 1318 1819 plenum
1336 1728 1447 1802 sumis.

487 1838 597 1908 Addes
619 1835 756 1933 hyssopi
778 1835 847 1909 triti
875 1836 1040 1930 scripulos
1068 1852 1235 1928 quatuor,
1259 1830 1367 1907 mellis
1390 1838 1449 1909 vel
1472 1837 1478 1858 ”

488 1946 567 2042 passi
581 1946 802 2030 unciastres,
822 1944 897 2015 vini
915 1942 1117 2028 sextarium,
1131 1938 1214 2036 gisni
1235 1940 1373 2042 resoluti
1388 1970 1450 2038 pa·

488 2052 612 2125 stillum
626 2077 753 2139 unum,
777 2050 852 2144 post
871 2047 1000 2121 cursum
1019 2046 1090 2120 five
1107 2048 1181 2142 posl
1198 2048 1347 2123 laborem
1364 2078 1451 2125 con·

489 2162 557 2234 diti
574 2162 660 2232 bene
685 2157 830 2252 piperati
856 2156 1026 2228 heminam
1051 2153 1206 2248 adjicies,
1231 2158 1340 2231 aeslate
1366 2161 1453 2234 toris

491 2272 549 2342 vel
567 2268 721 2341 absinthii
736 2267 950 2356 tantundem,
973 2269 1012 2341 δι
1032 2292 1093 2363 per
1112 2292 1152 2339 os
1168 2267 1260 2343 dabis
1276 2270 1318 2340 ad
1333 2295 1452 2346 cornu.

490 2380 525 2451 Si
543 2379 620 2451 aeslu
635 2376 759 2449 animal
773 2375 950 2471 fatigatur,
965 2375 1101 2470 puscam
1123 2401 1201 2448 cum
1219 2377 1356 2474 pulegio
1370 2380 1454 2452 trito

492 2488 631 2576 misces,
647 2484 806 2583 naresque
835 2487 872 2555 δι
894 2482 1015 2557 faciem
1036 2484 1257 2558 confovebis:
1274 2511 1343 2557 ova
1363 2511 1455 2583 quo·

492 2624 559 2696 que
574 2598 653 2671 trita
671 2622 747 2669 cum
770 2593 902 2667 hemina
916 2594 990 2665 vini
1015 2594 1139 2665 veteris
1160 2592 1282 2687 optimi
1305 2593 1457 2667 faucibus

494 2710 672 2795 infundes,
685 2725 725 2778 ut
742 2731 803 2800 per
817 2703 882 2775 ovi
900 2702 1109 2798 refrigerium
1130 2702 1203 2773 vini
1218 2701 1325 2775 virtus
1340 2730 1458 2779 accre-

494 2822 575 2893 scat.
592 2819 734 2891 Maciem
749 2817 1014 2911 languoremque
1028 2813 1186 2907 depellit,
1203 2814 1226 2884 si
1242 2813 1462 2888 semiunciam·
1496 2908 1499 2913 Ι

498 2924 661 3020 sulphuris
679 2948 756 2996 cum
774 2922 924 3019 myrrhae
942 2921 1093 3016 scripulis
1117 2940 1263 3019 quatuor
1281 2924 1316 2995 in
1333 2926 1459 3020 pulve-

498 3061 570 3107 rem
581 3031 736 3105 resolutis
749 3056 857 3105 ovum
871 3032 1010 3103 crudum
1021 3032 1058 3104 δι
1072 3029 1147 3103 vini
1163 3031 1285 3104 veteris
1297 3031 1468 3126 sextarius,

501 3146 661 3235 addatur,
675 3143 935 3240 frequenterque
951 3167 1012 3238 per
1029 3141 1142 3215 fauces
1162 3142 1268 3215 detur.
1288 3144 1461 3240 Diapente

501 3256 548 3328 est
563 3255 618 3355 (pt
634 3255 729 3352 supra
741 3252 934 3368 retulimus)
954 3252 1170 3326 necessarium
1186 3253 1337 3347 pluribus
1355 3256 1460 3334 causis

502 3394 543 3441 ac
554 3366 703 3455 morbis,
718 3367 756 3438 δι
769 3364 896 3460 semper
908 3362 1060 3458 diligenti
1087 3361 1305 3435 confedione
1318 3363 1460 3444 servan·

503 3477 595 3548 dum.
621 3472 816 3554 Gentianae,
838 3468 1064 3540 aristolochiae
1093 3470 1268 3557 rotundae,
1285 3471 1461 3567 myrrhae,

505 3577 1005 3666 rasuraeeboris,&baccarum
1016 3577 1176 3663 lauri,de
1189 3580 1380 3652 recentibus
1392 3578 1466 3675 spe·
1499 3627 1506 3632 -

507 3692 622 3765 ciebus
635 3689 669 3759 in
682 3710 786 3757 unum
799 3684 938 3757 rededis
952 3684 1176 3757 minutissimis
1190 3687 1322 3780 pulvis,
1335 3713 1377 3759 ex
1394 3690 1464 3762 hoc

508 3796 726 3892 febrientibus
755 3794 892 3888 plenum
919 3793 1096 3865 cochleare
1125 3818 1201 3864 cum
1224 3794 1330 3866 tribus
1355 3796 1465 3868 unciis

510 3906 673 3992 mellis,&
685 3928 782 4000 aquae
792 3902 914 3996 tepidae
924 3901 1082 3989 sextario,
1095 3900 1130 3972 in
1140 3927 1204 3999 qua
1217 3903 1344 3974 radices
1358 3903 1466 3995 junci,

511 4021 550 4089 δι
562 4018 674 4113 apium
689 4013 855 4086 sufficiens
870 4013 1043 4086 decoctum
1057 4013 1169 4099 suerit,
1179 4038 1237 4107 per
1252 4037 1292 4084 os
1304 4013 1409 4099 dabis,
1422 4014 1470 4086 ita

512 4147 552 4200 ut
563 4126 678 4197 triduo
690 4123 836 4196 similiter
848 4147 928 4194 cura
939 4123 1108 4218 procedat.
1122 4122 1210 4193 Idem
1225 4122 1338 4217 pulvis
1351 4122 1470 4195 siulrra

515 4230 741 4308 cochlearium
755 4257 833 4304 cum
849 4228 993 4301 sextario
1012 4227 1086 4301 vini
1103 4229 1226 4299 veteris
1248 4230 1286 4300 &
1300 4226 1369 4297 olei
1389 4228 1473 4300 viri·
1506 4221 1510 4228 ’

516 4342 567 4415 dis
582 4336 715 4412 hemina
727 4335 837 4423 detur,
851 4337 974 4408 animal
990 4363 1008 4408 a
1021 4334 1227 4435 quibuslibet
1242 4334 1403 4430 venenis,
1416 4335 1472 4416 vel

589 4450 715 4542 Scriptt.
729 4449 772 4520 R.
788 4447 828 4516 R.
846 4453 918 4518 Vou
932 4449 997 4517 III.
1183 4521 1188 4534 ι
1266 4444 1329 4518 Ee
