3875 5759
607 946 738 1020 ARTIS
763 946 980 1021 VETElilN.
1005 947 1320 1026 SIVEaMULUM.
1376 967 1448 1047 ης

487 1133 553 1183 mae
576 1109 824 1186 exercitationis
845 1109 1015 1199 aufertur,
1029 1111 1067 1185 δι
1081 1110 1233 1191 nondum
1246 1111 1289 1183 ad
1300 1111 1449 1183 resideo&

488 1220 568 1291 dum
582 1221 733 1311 robusti,
750 1222 792 1295 ad
807 1219 964 1318 praesepia
980 1220 1065 1294 stare
1079 1239 1262 1317 coguntur.
1281 1221 1450 1317 Elephan-⁴

488 1327 564 1401 riost
588 1332 732 1421 morbo,
755 1332 793 1404 &
809 1330 971 1403 omnibus
992 1329 1103 1404 mallei
1126 1329 1354 1426 paffionibos,
1375 1354 1448 1406 nott

487 1434 597 1510 solum
611 1439 783 1534 diapente,
797 1438 893 1535 cujus
906 1439 1145 1538 experimentis
1164 1438 1358 1513 indubitatae
1372 1440 1449 1513 tunt

487 1546 604 1636 vires,
630 1549 669 1622 δι
688 1547 758 1624 fine
779 1573 850 1647 quo
873 1547 1119 1622 mulomedicus
1141 1547 1280 1620 mutilus
1299 1547 1369 1634 est,
1392 1545 1450 1619 sed

488 1654 563 1727 haec
584 1681 722 1754 quoque
746 1656 862 1752 portio
892 1657 1107 1752 praeparanda
1133 1673 1233 1751 atque
1257 1653 1448 1727 servanda:

486 1765 638 1861 Myrrhae
668 1766 838 1865 trigonitis
859 1767 979 1839 libram
1004 1794 1038 1856 r,
1052 1765 1138 1838 turis
1159 1763 1296 1837 masculi
1319 1765 1378 1838 lib.
1406 1791 1448 1853 t,

486 1872 574 1943 corii
595 1874 675 1947 mali
687 1873 808 1948 Punici
821 1870 1133 1966 selibram,piperis
1145 1869 1280 1941 unciam
1298 1898 1310 1943 r
1325 1868 1448 1969 ,croci
1499 1936 1505 1946 .

442 1966 446 1974 ¹
485 1980 602 2055 uncias
620 1985 670 2070 6,
691 1983 814 2057 acaciae
833 1980 917 2053 rufae
935 1978 1117 2069 selibram,
1138 1979 1293 2052 absinthii
1313 1978 1449 2055 Pontici

485 2086 654 2170 selibram,
668 2088 793 2184 serpilli
807 2088 924 2162 libram
948 2114 983 2177 1,
997 2088 1166 2162 betonicae
1179 2088 1298 2162 libram
1316 2116 1352 2176 r,
1367 2112 1449 2167 cens

442 2271 446 2275 ,
485 2213 611 2268 taureae
634 2196 755 2269 libram
785 2194 988 2296 r,sagapioi
1002 2196 1117 2272 uncias
1133 2226 1175 2297 3,
1190 2197 1358 2297 saxifraga
1382 2224 1449 2276 un·.

485 2301 553 2376 cias
575 2306 619 2391 6,
641 2305 827 2399 peucedani
846 2308 961 2380 uncias
975 2309 1017 2381 6:
1029 2306 1102 2382 bec
1118 2308 1233 2382 omnia
1247 2308 1316 2383 tusa
1332 2311 1370 2384 δι
1386 2310 1447 2384 be·

483 2439 527 2485 ne
547 2415 717 2504 cribrata,
743 2441 820 2489 cum
844 2417 942 2499 melle
964 2418 1102 2513 optimo
1130 2419 1325 2514 decoques,
1350 2423 1389 2495 δι
1407 2419 1446 2492 in

482 2523 560 2599 vase
575 2525 686 2599 vitreo
700 2524 756 2597 vel
774 2524 910 2624 stagneo
924 2523 1104 2599 recondita
1118 2526 1281 2600 servabis.
1291 2552 1367 2599 nam
1380 2523 1446 2619 per

481 2631 678 2705 vetustatem
698 2632 804 2729 magis
825 2634 927 2706 valet.
951 2637 1005 2704 Er
1025 2655 1096 2727 quo
1117 2633 1366 2705 medicamento
1378 2631 1445 2706 fin·

480 2742 558 2838 gula
571 2741 762 2816 cochlearia
776 2743 971 2828 tumulata,
987 2740 1123 2837 lingulis
1140 2741 1340 2817 animalibus
1353 2767 1446 2816 mor·

482 2852 590 2936 bidis,
616 2877 696 2926 cum
713 2850 858 2923 sextario
879 2875 975 2948 aquae
995 2849 1133 2940 calidae,
1149 2852 1187 2924 &
1209 2850 1316 2923 tribus
1336 2851 1446 2926 unciis

483 2960 552 3031 olei
569 2960 690 3055 optimi
712 2961 902 3057 permixta,
922 2985 983 3057 per
997 2959 1146 3033 triduum
1158 2960 1264 3032 dabit.
1276 2960 1345 3033 Ubi
1362 2984 1446 3057 pro·,

483 3068 584 3143 licere
604 3071 775 3167 coeperit,
795 3096 874 3144 cum
894 3071 980 3144 vino
1004 3069 1141 3165 optimo
1162 3072 1200 3145 δι
1220 3071 1301 3144 oleo
1323 3071 1445 3163 dabis,

482 3180 567 3253 ficut
586 3181 709 3254 dietum
731 3180 800 3277 jam
820 3181 887 3271 est,
909 3180 1101 3256 cochlearia
1125 3180 1251 3279 lingula
1269 3182 1445 3258 continuis
1555 3244 1559 3252 ,

481 3292 611 3369 diebus.
623 3295 674 3365 Ex
688 3318 755 3390 qua
768 3293 934 3390 potione,
949 3315 1022 3363 non
1037 3290 1150 3363 minus
1160 3317 1261 3387 quam
1274 3293 1443 3387 diapente,
1575 3320 1579 3325 ·

482 3403 637 3500 quolibet
651 3406 776 3477 morbo
796 3416 952 3497 correpta
971 3401 1127 3475 animalia
1149 3401 1345 3475 liberantur.
1356 3400 1443 3476 Pulli
1519 3469 1524 3476 .

442 3515 447 3527 '
482 3532 594 3584 tamen
614 3510 784 3587 beneficio
806 3511 913 3585 aetatis
929 3511 1078 3587 evadunt
1098 3508 1252 3584 facilius:
1275 3508 1363 3608 sape
1385 3510 1443 3590 itt*

481 3621 589 3696 curati
604 3621 819 3696 moriuntur.
938 3695 962 3703 ,

531 3734 641 3805 XVll.
654 3735 720 3824 Ea,
732 3760 808 3832 qoae
829 3734 874 3807 ad
893 3730 1006 3805 morbi
1024 3730 1136 3805 mallei
1155 3730 1366 3807 exsecrabilis
1379 3754 1442 3807 cad

480 3842 647 3914 rationem
669 3843 899 3937 pertinebant,
913 3842 1123 3915 abundanter
1138 3841 1268 3915 constat
1281 3842 1444 3936 expofira:

481 3950 547 4022 Sed
570 3968 664 4023 tanta
688 3950 740 4023 vis
764 3949 869 4045 iptios-
882 3949 995 4024 morbi
1021 3947 1095 4037 est,
1115 3964 1153 4021 ut
1178 3944 1265 4020 nihil
1284 3948 1441 4042 expediat

483 4060 608 4134 omitti.
629 4087 706 4134 narn
724 4086 863 4159 gregum
881 4061 918 4133 in
936 4058 1066 4157 pascuis
1091 4056 1241 4130 funestus
1261 4052 1418 4128 interitus
1424 4080 1442 4147 ,·
1594 4071 1597 4078 ’

481 4164 675 4240 animalium
690 4194 829 4266 quoque
843 4169 879 4241 in
895 4170 1029 4243 stabulis
1043 4188 1174 4244 mortes
1181 4169 1383 4256 innumerae,
1397 4190 1442 4241 ex

481 4276 584 4373 ipsius
599 4281 802 4378 contagione
819 4283 1027 4375 proveniunt
1042 4334 1053 4370 ,
1074 4282 1112 4353 δι
1126 4282 1168 4355 ab
1182 4273 1366 4373 imperitis,
1379 4276 1439 4350 vel

483 4384 732 4488 negligentibus
744 4410 950 4485 curam,aut
961 4389 1089 4471 divina
1099 4383 1441 4483 bacundiaeimputaa

1169 4491 1289 4592 Qr'
1389 4428 1615 4632 3¹
