3875 5759
546 935 620 1009 272
735 907 1070 982 VEGETll
1119 908 1247 983 ΗΒ.
1295 911 1322 983 1.

544 1071 642 1169 gulas
657 1124 668 1161 ,
689 1068 797 1144 mittis
812 1070 850 1142 δι
865 1065 1054 1163 soenigraeci
1069 1066 1222 1141 selibram
1237 1096 1247 1142 ε
1268 1069 1340 1143 haec
1352 1067 1457 1143 infusa
1471 1072 1511 1147 δι

545 1183 687 1260 ἀεεοᾶει
708 1182 744 1255 in
763 1179 844 1253 olco
858 1178 921 1252 illo
941 1179 1044 1253 facies
1068 1195 1287 1275 permanere,¹
1307 1195 1435 1282 ex'qno
1449 1184 1512 1256 he·

545 1292 673 1368 minam
695 1291 788 1380 olei,
808 1293 846 1365 δι
872 1316 971 1389 aquae
998 1289 1121 1387 tepidae
1143 1292 1311 1366 heminam
1339 1295 1510 1367 dimidiam

544 1429 609 1500 per
626 1419 735 1475 cornu¹
753 1399 857 1475 dabis.
877 1426 953 1498 quae
979 1399 1087 1474 virtus
1105 1402 1451 1495 medicamentorum,
1472 1408 1513 1480 δι

507 1515 513 1528 '
544 1513 667 1587 lenitas
687 1510 783 1601 olei,
806 1512 961 1608 animalia
984 1511 1052 1606 ipsa
1077 1511 1168 1586 intus
1192 1515 1340 1605 occidit,
1358 1521 1397 1591 δι
1421 1517 1513 1590 foras

544 1619 653 1714 ejicit,
671 1623 724 1692 Ex
744 1620 966 1717 qua-potione
984 1620 1007 1692 sr
1025 1622 1224 1714 permultos
1244 1624 1314 1696 dies
1326 1627 1513 1721 acceperit,

347 1734 368 1752 ''
384 1745 388 1752 '
445 1803 448 1810 ,
544 1730 719 1831 permixto
736 1730 828 1804 nitro
844 1729 942 1806 tunso
956 1731 995 1803 δι
1006 1728 1178 1819 castoreo,
1192 1754 1312 1802 omnes
1327 1731 1514 1807 lumbricos

341 1843 346 1852 '
460 1885 462 1892 ·
544 1843 943 1925 &tineolasbtvermes
964 1841 1121 1914 discludit
1141 1867 1160 1913 a
1182 1866 1352 1938 corpore,
1371 1846 1409 1916 &
1434 1870 1514 1917 cum

542 1955 694 2029 slercore
716 1950 830 2048 ejicit,
845 1954 883 2026 δι
898 1943 1044 2024 restituit
1064 1950 1333 2025 sanitatem.'Alia
1354 1952 1453 2048 potio
1471 1954 1515 2025 ad

412 2045 416 2054 Ι
477 2101 480 2108 ·
542 2066 757 2153 lumbricos,
773 2063 938 2153 rineolas,
951 2064 990 2137 δι
1004 2060 1115 2135 collos
1128 2087 1136 2135 ε
1151 2062 1347 2152 Santonici,
1359 2063 1517 2136 absinthii

475 2215 479 2224 ·
543 2174 682 2247 Pontici
706 2170 882 2269 pulveris,
902 2170 1012 2266 lupini
1034 2170 1158 2258 crudi,
1183 2169 1317 2257 seminis
1340 2170 1517 2259 nasturtii,

546 2281 660 2356 scobis
679 2304 788 2352 cornu
812 2276 965 2364 cervini,
983 2276 1114 2348 seminis
1130 2278 1279 2350 radicum
1307 2279 1425 2352 uncias
1449 2286 1518 2351 ter'·

546 2413 629 2476 nas,
647 2386 808 2483 sinopidis
835 2385 971 2458 Pontici
996 2385 1145 2479 pastillos
1166 2405 1254 2475 tres,
1277 2387 1415 2483 pollinis
1441 2390 1517 2463 ervi

547 2501 665 2576 uncias
689 2528 730 2599 3,
746 2497 819 2570 vini
841 2498 961 2570 austeri
988 2498 1151 2571 sextarios
1171 2517 1262 2591 tres,
1283 2501 1352 2573 olei
1375 2502 1517 2598 Hispani

546 2608 725 2684 sextarium
736 2632 863 2697 unum,
876 2606 1088 2701 opopanacis
1101 2608 1236 2681 unciam
1260 2636 1293 2696 1,
1309 2609 1442 2684 seminis
1456 2636 1517 2685 co·

547 2720 674 2796 riandri
687 2719 878 2794 heminam:
894 2721 967 2791 haec
989 2721 1104 2792 omnia
1119 2719 1296 2819 diligenter
1312 2724 1390 2796 trita
1412 2726 1517 2799 deco·

550 2857 656 2932 ques,
671 2832 710 2904 δι
724 2819 878 2927 quotidie
891 2825 1012 2922 jejunis
1031 2829 1183 2903 heminas
1201 2830 1345 2930 singulas
1363 2834 1468 2908 dabis.

596 2943 702 3013 XLV.
721 2940 785 3010 Sed
799 2939 880 3035 quia
894 2938 1000 3033 pestes
1022 2938 1102 3033 ipsae
1120 2939 1239 3036 saepius
1261 2942 1309 3013 ad
1320 2943 1460 3039 coagula
1485 2942 1518 3015 se

549 3049 757 3137 conserunt,
772 3050 811 3120 δι
825 3049 942 3142 potio,
957 3073 1033 3143 quae
1048 3073 1108 3143 per
1123 3074 1162 3121 os
1178 3051 1277 3133 data,
1293 3053 1333 3123 ad
1347 3053 1440 3142 loca,
1457 3052 1519 3126 ubi

549 3174 747 3241 morantur,
765 3155 872 3227 rarius
898 3157 1078 3250 pervenit,
1099 3160 1179 3232 ideo
1207 3164 1307 3235 etiam
1332 3191 1392 3260 per
1416 3192 1519 3241 anum

549 3266 739 3345 adhibenda
761 3264 836 3338 sunt
850 3265 1035 3364 clysteria:
1057 3270 1142 3341 aceti
1162 3274 1315 3346 acerrimi
1339 3276 1519 3351 sextarium

549 3401 656 3450 unum
680 3374 802 3464 semis,
828 3374 897 3446 olei
921 3374 1041 3447 viridis
1066 3380 1286 3470 tantundem,
1307 3386 1519 3479 opopanacis

456 3487 458 3492 ’
548 3485 685 3563 unciam
716 3513 757 3575 1,
782 3504 968 3559 centaureae
992 3488 1109 3562 uncias
1137 3517 1179 3579 2,
1201 3492 1355 3565 absrnthii
1383 3496 1519 3570 Pontici

548 3596 666 3671 uncias
687 3596 911 3691 3,santonici
931 3598 1049 3673 uncias
1079 3625 1120 3695 3,
1145 3601 1262 3675 sarinae
1288 3605 1397 3699 lupini
1422 3607 1519 3680 crudi

550 3706 669 3782 uncias
682 3730 699 3803 3
713 3760 724 3797 ,
738 3706 814 3780 ervi
830 3709 948 3782 uncias
966 3737 983 3808 3
998 3763 1008 3794 ‚
1022 3709 1155 3782 seminis
1168 3713 1297 3802 rafani,
1312 3716 1444 3789 seminis
1458 3742 1520 3791 co·

549 3818 680 3891 riandri
707 3818 822 3893 uncias
847 3837 983 3909 ternas,
1006 3821 1086 3893 nitri
1106 3822 1175 3917 triti
1191 3825 1306 3896 uncias
1329 3821 1372 3925 3,
1395 3827 1519 3902 radicis

551 3928 704 4026 capparis
722 3929 829 4002 tunsae
848 3930 965 4005 uncias
982 3958 1014 4027 ς.
1030 3932 1234 4018 haecomnia
1255 3936 1424 4031 decoques
1439 3964 1519 4012 cum

551 4038 634 4109 oleo
656 4041 694 4112 δι
713 4057 838 4126 aceto,
864 4043 901 4113 &
926 4043 1154 4138 pertriduum
1180 4045 1326 4142 singulos
1353 4046 1537 4123 sextarios

552 4148 640 4223 bene
650 4150 796 4224 calentes
812 4175 872 4247 per
882 4178 984 4227 anutn
997 4156 1039 4227 de
1051 4155 1196 4253 clystere
1206 4157 1377 4229 diffundis·
1387 4158 1521 4232 anima·

553 4258 590 4329 li.
612 4263 789 4335 Memento
806 4278 917 4334 autem
930 4316 941 4351 ,
955 4263 1090 4362 quoties
1113 4289 1172 4359 per
1194 4290 1234 4338 os
1249 4266 1426 4361 potionem
1442 4266 1519 4359 das,

453 4386 455 4392 ·
554 4367 678 4444 animal
698 4391 819 4451 contra
845 4370 975 4450 clivum
999 4371 1107 4448 teneri
1128 4374 1273 4469 debere,
1294 4395 1333 4452 ut
1359 4375 1493 4454 facilius
1505 4398 1530 4471 ,·
