3875 5759
517 950 563 1019 2'4
636 924 1377 1002 ιιιιιιιιιιιιιτιιιι

516 1089 644 1187 saporis
662 1089 790 1188 indigni
804 1116 814 1161 ε
828 1088 922 1187 quod
941 1088 1056 1186 grandi
1073 1090 1134 1162 tibi
1150 1090 1266 1161 labore
1287 1088 1476 1182 constabit,

516 1218 557 1294 ιιι
573 1200 740 1295 corrigas,
756 1197 779 1270 st
797 1223 910 1296 agrum
930 1222 1105 1302 comparep
1127 1197 1218 1269 vitiis
1231 1197 1352 1270 talibus
1366 1225 1476 1272 occu·

500 1326 644 1404 patum.
663 1307 790 1387 Posrtio
804 1307 903 1432 ipsius
919 1306 1007 1402 agri,
1021 1332 1081 1403 qur
1071 1306 1273 1404 eligendus
1292 1306 1360 1394 esi,
1371 1332 1409 1380 ea
1424 1308 1475 1381 stt.

516 1419 555 1492 ln
577 1415 704 1514 frigidis
726 1390 916 1512 provinciis
937 1417 1061 1492 orienti
1088 1436 1146 1489 aut
1168 1418 1354 1490 meridiano
1378 1419 1476 1493 lateri
1508 1487 1509 1494 ,

516 1543 595 1624 ager
614 1523 677 1602 effe
694 1527 793 1600 debet
806 1528 1002 1622 oppositus,
1021 1553 1063 1600 ne
1079 1525 1221 1621 alicujus
1241 1528 1351 1624 magni
1371 1552 1476 1598 mon·

517 1636 560 1710 tis
588 1634 745 1726 objectu,
768 1635 820 1707 his
846 1635 973 1707 duabus
1001 1637 1151 1731 partibus
1178 1634 1334 1724 crclufis,
1357 1634 1475 1733 algore
1524 1663 1531 1672 ·

517 1744 677 1842 cigestem
693 1763 749 1817 aut
763 1770 823 1840 per
836 1764 962 1842 partem
977 1746 1234 1841 Septemtrionis
1251 1764 1406 1834 remoto,
1419 1762 1477 1826 aut

518 1882 579 1953 pet
599 1856 796 1929 Occidentis
818 1856 854 1926 in
878 1855 1046 1952 vesperam
1071 1858 1141 1931 sole
1162 1858 1278 1933 dilato.
1300 1861 1337 1930 ln
1361 1856 1476 1930 calidis

518 1987 605 2037 vero
628 1962 816 2057 provinciis
827 1987 912 2058 pars
926 1962 1041 2057 potius
1058 1963 1314 2059 septemtrionis
1328 1963 1476 2058 optanda

517 2072 585 2160 est,
602 2098 678 2171 quae
693 2074 730 2145 δι
752 2060 904 2160 utilitati,
929 2072 967 2145 δι
987 2072 1178 2168 voluptati,
1199 2075 1236 2146 δι
1262 2072 1357 2145 saluti
1382 2096 1476 2168 aequa

518 2178 671 2251 bonitate
689 2177 900 2272 respondeat.
918 2177 952 2248 Si
971 2177 1103 2251 vicinus
1117 2177 1162 2250 est
1180 2176 1325 2268 fluvius,
1339 2175 1397 2249 ubi
1413 2176 1476 2247 sla-

439 2369 444 2378 ,
517 2288 643 2361 ruimus
662 2284 795 2359 fabricae
816 2286 923 2357 sedem
948 2311 1084 2382 parate,
1098 2284 1169 2380 ejus
1184 2286 1342 2359 debemus
1354 2286 1476 2381 explo-

519 2421 594 2470 rare
607 2418 777 2486 naturam,
795 2396 873 2494 quia
887 2395 1083 2494 plerumque
1093 2398 1189 2493 quod
1200 2398 1350 2487 exhalat,
1363 2396 1477 2468 inimia

519 2532 597 2579 cum
610 2505 679 2592 esi,
693 2531 713 2578 a
729 2530 815 2602 quo,
831 2505 941 2579 srtalis
955 2506 1011 2594 srt,
1028 2507 1212 2580 conveniet
1224 2505 1376 2604 refugere
1390 2532 1476 2580 con-

472 2624 474 2627 ’
520 2615 677 2689 ditorem.
693 2616 789 2685 Palus
802 2634 914 2685 tamen
930 2637 1026 2685 omu1
1017 2614 1145 2685 modo
1159 2613 1296 2686 vitanda
1308 2614 1375 2703 esi,
1389 2640 1478 2711 prae·

514 2722 621 2820 cipue
639 2747 716 2821 quae
738 2723 780 2795 ab
799 2722 925 2795 Austro
943 2724 990 2794 esl
1007 2722 1062 2796 rel
1084 2722 1290 2812 Occidente,
1308 2725 1346 2797 dc
1362 2720 1477 2795 siccati

517 2833 700 2906 consuevit
714 2832 824 2906 aeslate
836 2851 977 2931 propter
996 2832 1236 2931 pestilentiam,
1253 2830 1309 2907 vel
1321 2817 1477 2904 animalia
1537 2915 1538 2918 Ἴ

518 2939 677 3029 inimica,
692 2966 767 3037 quae
781 2960 924 3038 generat.

572 3052 661 3122 Vlll.
681 3046 875 3121 AEdificium
890 3074 954 3145 pro
967 3049 1036 3147 agri
1049 3049 1193 3141 merito,
1209 3052 1247 3125 δι
1262 3074 1324 3146 pro
1340 3049 1477 3123 fortuna

520 3154 653 3228 domim
666 3174 805 3249 oportet
818 3155 967 3230 tuslttur
982 3160 1074 3268 quod
1087 3159 1282 3255 plerumque
1294 3157 1478 3231 immodice

375 3334 379 3346 ,
413 3268 415 3272 ’
522 3263 688 3353 sumtum,
701 3245 1117 3350 difficiliusestsulliuere‚
1137 3291 1235 3363 quam
1250 3268 1408 3342 condere.
1429 3270 1478 3338 lta
1526 3286 1532 3294 '

451 3380 455 3397 '
521 3370 624 3468 igitur
647 3318 836 3443 aellimanda
858 3370 953 3443 esl
924 3397 994 3467 ejus
1014 3370 1230 3498 magnitudo,
1252 3394 1289 3447 ut
1310 3374 1335 3447 fi
1358 3374 1478 3473 aliquis

522 3478 644 3562 casus
635 3480 830 3571 incurrerit,
853 3506 896 3554 ex
914 3482 1062 3581 agro,iu
1085 3507 1156 3584 quo
1177 3484 1352 3574 est,unius
1372 3486 1478 3574 anui,

430 3636 434 3644 ·
523 3615 581 3665 aut
595 3590 666 3698 [ut]
683 3592 845 3681 multum,
858 3594 987 3669 biennii
1007 3596 1167 3693 pensione
1180 3617 1360 3693 reparetur.
1376 3596 1478 3695 lpfius
1526 3683 1529 3688 ¹

521 3701 632 3773 auteni
655 3701 806 3797 praetorii
826 3702 904 3777 situs
924 3705 963 3777 srt
983 3703 1064 3777 loco
1085 3703 1293 3801 aliquatenus
1316 3704 1478 3779 erectiore

521 3813 558 3885 δι
570 3809 727 3900 sicciore,
740 3836 845 3909 quam
856 3830 982 3898 cetera,
998 3815 1061 3903 [dt]
1078 3834 1216 3910 propter
1230 3812 1382 3909 injuriam
1397 3812 1479 3885 fun·

521 3920 780 4010 damentorum,
803 3924 840 3995 δι
866 3939 905 3995 ut
928 3922 1008 3994 laeto
1029 3920 1160 3993 fruatur
1182 3922 1319 4019 aspeslu.
1345 3923 1479 3993 Funda-

519 4049 633 4104 menta
654 4051 764 4104 autem
788 4033 858 4105 hoc
882 4032 989 4125 modo
1009 4032 1167 4127 ponenda
1176 4032 1280 4120 sunt,
1297 4051 1332 4104 ut
1355 4032 1478 4105 latiora

520 4136 585 4209 unt
600 4163 642 4210 ex
659 4157 800 4237 utraque
819 4162 911 4236 parte
927 4136 1103 4235 semipedis
1119 4139 1249 4237 spatio,
1257 4166 1356 4243 quam
1370 4141 1478 4235 parie·'
1515 4192 1533 4207 Ι

522 4244 565 4315 tis
585 4245 739 4344 [iusuper
756 4249 1062 4348 struendilcptpus
1083 4250 1254 4323 increscet.
1274 4251 1308 4321 si
1320 4250 1402 4344 lapis
1422 4248 1477 4321 vel

520 4351 613 4429 tosus
626 4376 798 4458 occurrat,
817 4355 1037 4452 sacilisscault
1054 4358 1101 4435 csl
1116 4358 1333 4453 collocandi,
1345 4358 1381 4431 in
1402 4380 1475 4457 quo
