3875 5759
476 981 478 986 .
601 910 732 983 ARTIS
759 906 973 982 VETERIN.
999 905 1098 980 SIVE
1120 908 1308 985 MUL'OM.
1368 935 1434 1009 371

481 1065 700 1141 confovebis.
717 1069 768 1147 Ex
782 1066 881 1138 melle
894 1088 1035 1163 quoque
1056 1065 1199 1140 decocto
1216 1072 1257 1142 ’δι
1272 1065 1344 1141 'sale
1356 1069 1443 1144 ”col-

481 1178 572 1275 lyria
594 1178 697 1274 longa
718 1179 756 1250 &
779 1176 895 1248 tenuia
918 1174 1078 1248 foramini
1096 1175 1347 1269 immittuntur,
1370 1204 1443 1277 quo

481 1308 616 1358 emanat
637 1285 881 1374 urina.,Muscn
899 1284 982 1357 viva
1000 1287 1038 1358 δι
1055 1283 1138 1357 loco
1152 1284 1213 1381 ipsi
1233 1284 1444 1381 immittitur,

483 1397 543 1469 vel
563 1398 649 1469 mica
670 1396 753 1468 turis
765 1394 968 1492 apponitur,-
983 1396 1020 1467 &
1038 1393 1079 1467 de
1099 1392 1266 1468 bitumine
1277 1395 1371 1470 collo
1386 1395 1443 1470 in·
1486 1428 1489 1477 g

483 1506 624 1594 seritur,
645 1522 685 1578 ut'
701 1525 912 1603 provocetur
936 1504 1044 1579 urina.

533 1621 627 1692 XVI.
644 1609 786 1711 ¹Quibus¹
805 1618 917 1693 modis
936 1617 1202 1691 'striuusventer
1219 1614 1308 1691 solvi
1328 1611 1446 1713 debet,
1514 1650 1517 1655 ·

486 1728 572 1823 saepe
583 1729 774 1823 praedisium
785 1728 842 1801 est.
851 1730 953 1801 Nunc
965 1726 1205 1821 exponendum
1219 1728 1276 1813 eu,
1287 1734 1446 1825 quemad·

485 1838 647 1923 modum,
663 1838 849 1925 sisolutus‚
860 1836 974 1931 postea
992 1832 1208 1929 restringitur.
1221 1835 1355 1909 Etenim
1372 1841 1443 1917 hoc

484 1947 685 2020 animalibus
696 1946 922 2042 periculosum
938 1940 1037 2012 nimis
1052 1940 1118 2030 est,
1139 1941 1200 2013 nisi
1217 1944 1322 2017 velox
1337 1950 1447 2022 medi·

484 2056 561 2129 cina
581 2055 799 2138 subvenerit,
816 2048 913 2142 cujus
935 2048 1133 2122 necessitatis
1149 2049 1190 2128 de
1208 2053 1449 2149 experimento

484 2158 868 2259 principaleremedium
881 2154 940 2228 est.
952 2154 1101 2229 balaustii
1115 2155 1393 2239 seminis'uncittm
1404 2190 1449 2240 ex
1532 2255 1534 2260 Ι

487 2268 576 2339 vino
586 2267 723 2339 austero
738 2268 847 2356 dabis,
865 2262 1024 2363 caryotas
1038 2266 1150 2339 tundis
1167 2271 1205 2342 &
1217 2270 1319 2367 galias
1334 2275 1450 2374 Syria·

408 2368 413 2376 ¹
487 2404 567 2468 cas,
586 2379 760 2453 &exinde
786 2380 884 2449 datur
903 2375 1001 2472 potio
1024 2376 1184 2453 salutaris.
1201 2381 1293 2456 Talis
1308 2377 1449 2485 quoque
1548 2409 1561 2422 ‘

488 2488 646 2561 subvenit
662 2488 890 2584 compositio:
912 2488 1009 2560 Cere
1028 2488 1144 2561 uncias
1165 2517 1204 2577 ν,
1221 2493 1303 2562 lardi
1329 2493 1450 2571 libram
1515 2552 1520 2558 -

487 2624 609 2685 unam,
621 2598 745 2692 piperis
758 2586 890 2670 unciani
906 2594 1019 2683 semis,
1030 2596 1152 2690 picuiae
1166 2596 1382 2673 semiunciam
1397 2605 1450 2676 di-

488 2706 698 2805 ligentissime
719 2706 857 2789 tondes,
874 2702 967 2774 castae
990 2702 1123 2775 unciam
1145 2702 1240 2777 semis
1262 2708 1338 2786 trita
1362 2715 1452 2808 pari.

488 2836 543 2889 ter
567 2815 790 2911 consperges,
812 2810 895 2883 offas
915 2809 1044 2899 facies,
1067 2809 1169 2917 solito
1194 2838 1290 2887 more
1307 2818 1453 2921 intinges

491 2923 528 2996 in
551 2947 648 3011 cera,
665 2947 742 2994 cum
758 2918 885 2991 remissa
908 2919 966 2992 est.
988 2919 1043 2991 Sic
1064 2939 1202 3018 quoque
1220 2924 1356 3022 digeres·
1370 2931 1453 3006 tter·
1558 2987 1563 2996 .

491 3033 583 3106 coris
595 3032 674 3105 ovis
697 3031 834 3119 libram,
847 3031 884 3102 δι
899 3029 933 3101 in
954 3030 1041 3103 aceti
1056 3034 1093 3106 δι
1107 3032 1220 3104 mulsae
1234 3035 1379 3113 sextario
1394 3063 1455 3140 per

492 3169 603 3218 cornu
624 3144 727 3217 dabis.
745 3144 846 3216 herba
867 3143 972 3215 rubea
992 3143 1191 3243 restringes,
1213 3146 1237 3218 ti
1265 3149 1393 3228 dederis
1417 3154 1455 3230 itt

493 3256 593 3328 vino.
619 3254 793 3354 spongiam
824 3252 939 3327 Asram
966 3252 1111 3350 intinges
1135 3256 1170 3326 itt
1198 3255 1273 3353 pice
1298 3260 1456 3359 liquida,

492 3364 569 3461 posi
588 3364 791 3445 combures,
807 3361 1017 3455 farinamque
1034 3360 1104 3453 eius
1130 3360 1217 3435 vino
1237 3368 1370 3443 austero
1394 3374 1456 3448 de·
1491 3428 1495 3433 .

492 3470 634 3557 fundes,
649 3469 764 3540 farinae
779 3467 919 3540 triticeae
931 3468 1082 3541 heminas
1102 3492 1249 3566 quatuor
1262 3480 1458 3557 commisces

494 3582 535 3650 &
555 3577 694 3675 digeret.
719 3576 856 3647 Nirrum
878 3597 1035 3672 quoque,
1052 3578 1098 3669 (si
1113 3581 1223 3675 potest
1238 3581 1338 3686 fieri)
1355 3588 1460 3688 virgi·
1543 3599 1545 3604 '

496 3710 574 3757 nem
602 3683 846 3780 diligentissime
875 3682 1013 3770 tritum,
1036 3689 1074 3759 &
1097 3686 1131 3762 in
1158 3689 1334 3783 pulverem
1362 3697 1460 3771 reda-

496 3798 586 3867 stum
601 3846 610 3881 ,
628 3818 709 3866 cum
724 3793 858 3865 hemina
878 3794 964 3867 aceti
981 3793 1194 3869 semiunciam
1218 3800 1323 3873 dabis.
1342 3798 1460 3881 Pulvis

498 3933 542 3981 ex
564 3905 697 4003 pumice
715 3904 811 3981 datus
824 3923 902 3980 cum
921 3904 1009 3977 vino
1032 3906 1068 3977 in
1092 3919 1176 4001 potu
1197 3929 1280 3979 mox
1297 3912 1460 3990 medetur.

547 4020 656 4097 XVll.
681 4016 767 4090 Aliis
780 4041 920 4114 quoque
937 4016 1089 4112 partibus
1103 4019 1259 4114 corporis
1281 4020 1461 4096 nascuntus
1569 4056 1574 4064 ·

501 4125 685 4220 aliquando
701 4151 874 4216 verruca,
888 4130 925 4201 δι
945 4127 1068 4201 vitium
1084 4124 1309 4200 difformitatis
1330 4130 1462 4226 impot⁴

502 4249 598 4318 tant,
614 4231 676 4303 hac
698 4233 830 4308 ratione
850 4234 1033 4306 curandae:
1055 4232 1144 4304 Lino
1168 4232 1277 4305 subtili
1291 4236 1462 4310 constrin-

503 4358 623 4439 gentur
645 4339 724 4437 ip'sae
751 4366 913 4418 verruca.
935 4341 1012 4417 dein
1034 4341 1216 4417 causticum
1234 4341 1375 4417 crudum
1395 4345 1462 4426 int·

1161 4450 1225 4524 Aa
1251 4473 1272 4521 2
