3875 5759
474 933 555 1016 ψ
647 907 932 987 uuuotntto
961 911 1027 986 oe
1049 849 1297 988 terreto.
1323 845 1332 864 ⁹
1362 982 1367 990 .

487 1101 552 1178 ¹35
572 1074 635 1164 ,6.
654 1073 721 1148 Hic
736 1079 818 1148 orbis
831 1069 917 1162 t'uit',
932 1097 1009 1171 quae
1023 1071 1139 1168 pollea
1159 1087 1256 1149 merel.
1275 1074 1375 1150 Orbi
1385 1067 1454 1152 lult·

481 1185 605 1285 {ellum
626 1180 720 1256 tuille
747 1183 953 1269 monadum,
981 1179 1126 1276 lapidem
1146 1181 1279 1276 alium,
1301 1183 1472 1282 aliquam·

482 1313 555 1370 tum
576 1308 798 1378 excavatum,
817 1313 895 1382 cum
908 1294 999 1364 labro
1015 1289 1085 1365 five
1100 1291 1275 1390 marginct'
1289 1293 1352 1391 qui
1369 1301 1454 1372 urll·

485 1411 537 1477 lur
554 1401 677 1476 deinde
696 1397 883 1497 dilluaell,
896 1399 940 1482 ad
959 1400 1055 1496 quod
1071 1389 1455 1479 itaaccommodandu's

485 1535 558 1589 crat
579 1507 697 1598 orbis,
713 1521 752 1582 ut
775 1529 887 1607 neque
905 1505 1048 1584 fundum
1064 1508 1140 1604 ejus
1159 1509 1233 1598 five
1255 1509 1388 1604 solum,
1399 1539 1455 1588 ne·

485 1648 552 1724 que
568 1620 662 1694 labra
675 1637 830 1715 tereret,
844 1619 976 1697 conllat
1001 1629 1051 1695 ex'
1068 1624 1149 1698 Cat.
1174 1648 1241 1707 22,
1261 1649 1275 1697 r
1292 1627 1334 1700 ὃ(
1356 1655 1387 1702 2.
1405 1627 1454 1700 Ad

484 1757 558 1810 cam
574 1757 668 1823 rem,
684 1731 840 1805 tollendo
852 1729 1010 1805 nimirum
1023 1732 1123 1822 orbi,
1136 1732 1330 1809 columella
1342 1739 1377 1810 in
1390 1764 1453 1812 me·

485 1847 547 1922 dio
567 1863 639 1922 erat
658 1844 824 1919 mortario
847 1843 936 1935 fixa,
957 1841 1036 1942 q'uae
1063 1841 1245 1918 sustineret
1265 1846 1451 1946 impolitum

487 1959 549 2033 fibi
567 1957 686 2032 orbem
708 1979 781 2030 non
801 1953 960 2051 proxime
983 1951 1042 2026 illu
1061 1950 1225 2047 quidem,
1239 1955 1305 2027 sed
1320 1959 1447 2030 interce·

488 2072 590 2144 dente
605 2095 697 2162 cupa.
721 2069 840 2161 Cupam
862 2081 976 2137 autem
993 2063 1033 2136 δι
1054 2064 1235 2134 miliarium
1259 2064 1401 2138 Catonis
1421 2089 1446 2138 e.

492 2202 560 2272 20,
572 2177 608 2252 it.
624 2178 798 2264 218122,
813 2168 920 2246 unum
933 2171 1090 2268 idemque
1101 2169 1288 2269 intelligo,
1299 2172 1453 2272 pyxidem

490 2289 675 2376 nimirum,
691 2287 780 2359 intra
798 2309 899 2382 quarn
915 2281 1114 2357 continetur
1125 2289 1316 2375 columella,
1330 2284 1385 2360 cui
1400 2283 1456 2357 im·

491 2397 600 2499 posita
626 2394 707 2492 pilei
728 2393 835 2466 instar
853 2392 929 2467 fuit.
954 2393 1033 2466 lloc
1050 2391 1262 2484 miliarium,
1278 2397 1353 2476 hec
1377 2420 1458 2492 cupa

492 2509 615 2586 deinde
631 2509 668 2583 dl
681 2503 837 2580 transivit
850 2506 975 2590 orbem,
988 2506 1027 2576 δι
1041 2504 1224 2597 sustinuit,
1242 2507 1344 2584 itaut
1362 2508 1461 2584 stante

494 2617 635 2692 firmiter
657 2611 860 2701 columella,
877 2611 994 2699 orbis,
1015 2611 1155 2688 miliarii
1179 2618 1251 2689 five
1274 2644 1374 2713 cupae
1395 2643 1462 2715 ope

494 2730 546 2807 illi
568 2728 761 2825 impofitus,
778 2724 899 2828 deinde¹
913 2720 1052 2794 funium.
1065 2724 1103 2797 δι
1117 2724 1348 2798 trochlearum
1358 2727 1462 2799 bene·

496 2838 579 2915 ficio
594 2837 882 2930 circumageretur.
900 2831 1061 2905 Altitudo
1079 2835 1116 2906 dc
1136 2835 1283 2908 latitudo
1301 2857 1463 2935 tempera·

498 2952 596 3025 batur
613 2950 759 3021 orbiculis
778 2942 897 3040 ligneis
920 2942 979 3015 vel
1005 2949 1141 3018 armillis
1161 2943 1291 3019 ferreis.
1319 2949 1462 3020 Tantum

498 3060 685 3157 intelligere
702 3080 756 3128 me
775 3077 885 3150 puto,
908 3052 1073 3151 supereffe
1094 3057 1249 3151 quedam
1268 3056 1307 3127 in
1323 3057 1381 3131 illa
1402 3075 1463 3130 tra·

501 3171 571 3267 peti
591 3164 818 3260 descriptione
837 3189 866 3236 c.
892 3189 962 3251 20,
988 3190 1057 3253 21,
1081 3190 1125 3237 22
1141 3166 1223 3238 mihi
1244 3169 1348 3264 plane
1368 3181 1466 3245 illitu

501 3305 574 3353 uon
589 3302 687 3375 nego.
699 3276 839 3372 lnterim
851 3273 875 3347 li
888 3292 1132 3371 comparentur
1145 3275 1205 3349 illa
1219 3302 1299 3358 cum
1317 3279 1379 3368 iis,
1394 3302 1468 3378 qua

503 3393 546 3467 ad
568 3389 675 3487 ipsum
696 3389 865 3462 Catonem
888 3405 1003 3460 notata
1026 3385 1125 3476 sunt,
1147 3412 1220 3460 non
1244 3389 1389 3462 multum
1414 3389 1470 3471 su·¹

506 3501 630 3601 perelle
651 3523 748 3601 puto.
769 3500 847 3575 Vid.
868 3498 969 3574 etiam
994 3499 1037 3571 ad
1059 3498 1139 3573 cot.
1167 3525 1230 3590 12,
1252 3524 1312 3597 50,
1335 3528 1372 3601 7.

685 3815 1296 3860 *mim*
