3875 5759
609 882 743 970 nuris
767 849 980 957 minutii.
1005 880 1103 954 sive
1127 833 1314 957 nunon-
1368 885 1438 985 ιιι
1471 921 1479 928 -

481 1038 668 1146 perveniat.
687 1064 764 1136 quae
782 1037 807 1111 fi
827 1036 916 1112 forte
931 1036 1097 1128 defuerit,
1117 1039 1184 1112 mel
1205 1040 1338 1114 coctum
1361 1065 1439 1115 cunt

482 1149 578 1222 tertia
598 1167 691 1246 parte
706 1148 779 1222 salis
799 1147 871 1221 triti
885 1147 980 1247 cogis
1000 1146 1035 1219 in
1050 1091 1217 1245 pilu'la'ss
1208 1169 1253 1222 ita
1267 1167 1303 1222 ut
1324 1149 1441 1249 colly-

482 1261 533 1333 ria
545 1261 585 1334 ad
601 1287 663 1334 ονι
653 1259 942 1361 magnitudinem
963 1257 1064 1336 facias
1073 1259 1313 1359 ,similiterque
1324 1284 1440 1358 prono

482 1370 618 1445 animali
631 1371 668 1444 in
680 1368 876 1445 intestinum
890 1370 947 1442 vel
966 1369 1136 1469 quinque,
1150 1369 1207 1443 vel
1223 1369 1368 1467 septem,
1382 1384 1441 1442 aut

482 1506 611 1553 novem
625 1480 772 1580 collyria
787 1479 930 1562 inserere
945 1479 1088 1553 curabis.
1104 1478 1179 1575 post
1194 1478 1341 1554 solvitur
1355 1503 1440 1552 ven·

482 1608 535 1677 ter
555 1578 598 1666 ⁵&
620 1592 791 1692 mitigatur
811 1590 926 1664 dolor.
951 1593 1062 1677 Item,
1092 1588 1270 1688 physicum
1296 1588 1439 1663 traditur

482 1723 523 1771 os
536 1699 670 1776 limacis
677 1724 787 1799 neque
804 1727 905 1773 manu
924 1698 1098 1771 immunda
1112 1721 1247 1793 ‚neque
1259 1716 1362 1788 terra,
1377 1722 1440 1770 ne·

481 1830 547 1903 que
560 1808 658 1881 dente
674 1810 867 1910 contadlum
881 1806 1016 1905 alligare
1029 1804 1193 1938 umbilico
1204 1804 1367 1898 dolentis,
1380 1830 1440 1881 cu·

480 1937 554 1987 rare
576 1916 758 1991 continuo

529 2028 645 2098 ant
666 2027 867 2122 Plerumque
881 2018 1015 2095 dorsum
1032 2019 1229 2096 animalibus
1243 2046 1301 2096 aur
1315 1958 1441 2098 sarcina

481 2134 594 2222 laedit,
607 2151 664 2207 aut
677 2135 755 2206 sella
767 2152 934 2231 propter
947 2131 1117 2207 stramenti
1131 2132 1367 2233 negligentiam
1382 2135 1442 2208 vel
1523 2139 1525 2144 ’

483 2242 598 2314 oneris
619 2239 788 2337 injuriam.
811 2241 943 2343 quod
932 2268 968 2314 ut
993 2241 1166 2318 itineribus
1190 2242 1358 2319 interdum
1378 2267 1441 2317 ne·

481 2349 567 2425 celle
581 2352 627 2423 est
641 2352 802 2445 evenire,
817 2352 871 2426 sed
886 2377 1002 2428 recens
1023 2372 1139 2428 tumor
1153 2356 1218 2429 hac
1230 2356 1362 2430 ratione
1381 2381 1439 2431 cu·

482 2480 596 2535 ratur:
616 2463 801 2539 Mallonem
821 2491 1002 2563 ceparum,
1014 2464 1071 2540 vel
1090 2464 1175 2561 ipsas
1195 2491 1292 2563 cepas
1314 2468 1349 2539 in
1371 2466 1440 2540 fer·

481 2572 579 2647 venti
593 2599 678 2671 aqua
692 2577 883 2673 decoquas,
898 2579 936 2649 &
953 2573 1118 2663 calentes,
1132 2593 1291 2668 quantum
1306 2575 1440 2649 corium

481 2684 573 2759 valet
591 2684 768 2772 sustinere,
789 2685 918 2757 tumori
940 2683 1262 2779 superimpones,&
1277 2682 1377 2756 fascia
1398 2686 1441 2758 li·

481 2791 586 2889 gabis.
604 2815 671 2863 una
692 2793 791 2863 nocie
810 2788 923 2863 omnis
939 2787 1089 2861 aufertur
1110 2787 1254 2862 inflatio.
1278 2785 1441 2865 Praeterea

482 2899 529 2972 sal
549 2897 665 2969 tritum
687 2923 766 2972 cum
785 2913 884 2971 aceto
905 2893 1081 2987 miscebis,
1110 2894 1292 2994 additoque
1318 2899 1441 2974 vitello

483 3004 571 3094 ovi,
586 3004 684 3092 loca,
700 3029 775 3103 quae
794 3022 924 3077 tumere
947 3004 1114 3101 coeperint
1126 3058 1138 3096 ,
1150 3004 1371 3103 perfricabis,
1385 3033 1441 3081 re·

482 3140 563 3189 cens
585 3114 772 3213 indignatio
794 3112 943 3187 destrida
962 3112 1164 3188 siccabitur.-

532 3228 653 3299 LXlV.
675 3224 742 3297 Cui
759 3249 849 3299 curae
864 3220 911 3297 est
930 3221 1125 3296 animalium
1143 3221 1228 3297 salus
1239 3279 1250 3316 ,
1263 3226 1443 3324 potionem

482 3333 632 3430 superius
651 3332 876 3419 declaratam,
893 3354 993 3425 quarn
1011 3329 1204 3426 specierum
1215 3356 1360 3406 numero
1373 3334 1445 3408 dias

482 3459 608 3538 penten
636 3443 760 3513 Graeco
790 3436 964 3510 vocabulo
995 3431 1220 3531 nuncupant,
1244 3437 1442 3535 gentiana,

484 3549 706 3645 aristologiae,
719 3546 865 3619 murrhae
878 3598 888 3632 ,
903 3546 1079 3620 baccarum
1092 3547 1196 3636 lauri,
1217 3546 1337 3621 rasurae
1356 3548 1443 3622 ebo·

482 3655 550 3746 ris,
571 3655 662 3750 paria
684 3654 833 3749 pondera
847 3651 1024 3750 diligenter
1044 3654 1121 3728 trita
1134 3653 1234 3756 atque
1249 3657 1442 3754 permixta,

483 3765 600 3851 dorni,
612 3763 727 3835 sivein
739 3761 915 3835 itineribus
930 3760 1024 3857 prius
1038 3762 1192 3853 condita,
1205 3763 1327 3837 habere
1339 3788 1443 3861 opor·

483 3889 532 3946 tet
553 3872 588 3943 in
606 3888 763 3966 promtu,
778 3888 833 3955 ut,
852 3870 988 3966 quoties
1009 3870 1168 3946 moestum
1189 3890 1247 3944 aut
1266 3871 1442 3950 horridum

424 3971 427 3976 ’
483 3977 610 4050 videris
629 3973 771 4063 animal,
788 3995 845 4046 aut
864 3975 977 4046 morbi
999 3972 1142 4070 alicujus
1164 3975 1239 4049 labe
1253 3987 1443 4067 tentatum,

484 4084 590 4156 {latim
606 4087 744 4207 plenum
758 4081 933 4157 cochleare
946 4107 989 4155 ex
1005 4083 1186 4181 pulvere
1161 4102 1351 4156 memorato
1367 4109 1444 4157 cum

486 4190 690 4265 sextario
657 4191 731 4267 vini
748 4189 870 4288 optimi
886 4215 945 4315 per
971 4190 1084 4266 fauces
1109 4170 1297 4280 diffundas,
1320 4192 1358 4263 δι
1384 4213 1444 4285 per

486 4301 635 4374 triduum
646 4352 656 4386 ,
669 4301 767 4372 etiam
784 4325 875 4396 equo
890 4302 926 4372 in
947 4300 1064 4378 labore
1077 4300 1286 4386 constitute,
1298 4298 1444 4398 digerat,

560 4414 690 4504 samu.
707 4414 749 4481 rt.
770 4414 812 4483 ιι.
829 4418 904 4486 Vol.
917 4416 984 4490 ιιι.
1267 4407 1323 4538 ‘r'
