<?xml version="1.0" encoding="UTF-8"?>
<!DOCTYPE html PUBLIC "-//W3C//DTD XHTML 1.0 Transitional//EN"
    "http://www.w3.org/TR/xhtml1/DTD/xhtml1-transitional.dtd">
<html xmlns="http://www.w3.org/1999/xhtml" xml:lang="en" lang="en">
 <head>
  <title>
</title>
<meta http-equiv="Content-Type" content="text/html;charset=utf-8" />
  <meta name='ocr-system' content='tesseract 3.04.00' />
  <meta name='ocr-capabilities' content='ocr_page ocr_carea ocr_par ocr_line ocrx_word'/>
</head>
<body>
  <div class='ocr_page' id='page_1' title='image "./scriptoresreiru00gesngoog_0084.png"; bbox 0 0 3875 5759; ppageno 0'>
   <div class='ocr_carea' id='block_1_1' title="bbox 462 856 1461 999">
    <p class='ocr_par' dir='ltr' id='par_1_1' title="bbox 462 856 1461 999">
     <span class='ocr_line' id='line_1_1' title="bbox 462 856 1461 999; baseline 0.003 -21"><span class='ocrx_word' id='word_1_1' title='bbox 462 856 1360 999; x_wconf 62' lang='grc' dir='ltr'>176ΡΑιιΑΙηικυτιιῐι</span> <span class='ocrx_word' id='word_1_2' title='bbox 1454 897 1461 908; x_wconf 85' lang='grc'>’</span> 
     </span>
    </p>
   </div>
   <div class='ocr_carea' id='block_1_2' title="bbox 403 1064 1492 4447">
    <p class='ocr_par' dir='ltr' id='par_1_2' title="bbox 480 1064 1492 1924">
     <span class='ocr_line' id='line_1_2' title="bbox 491 1064 1454 1165; baseline 0.008 -33"><span class='ocrx_word' id='word_1_3' title='bbox 491 1089 568 1158; x_wconf 85' lang='lat' dir='ltr'>quae</span> <span class='ocrx_word' id='word_1_4' title='bbox 581 1083 695 1136; x_wconf 89' lang='lat' dir='ltr'>vetera</span> <span class='ocrx_word' id='word_1_5' title='bbox 718 1065 775 1136; x_wconf 91' lang='lat' dir='ltr'>vel</span> <span class='ocrx_word' id='word_1_6' title='bbox 789 1064 902 1137; x_wconf 89' lang='lat' dir='ltr'>scabra</span> <span class='ocrx_word' id='word_1_7' title='bbox 920 1066 1076 1160; x_wconf 86' lang='lat' dir='ltr'>reperies.</span> <span class='ocrx_word' id='word_1_8' title='bbox 1089 1068 1176 1153; x_wconf 84' lang='lat' dir='ltr'>lllae,</span> <span class='ocrx_word' id='word_1_9' title='bbox 1190 1095 1265 1165; x_wconf 84' lang='lat' dir='ltr'>quae</span> <span class='ocrx_word' id='word_1_10' title='bbox 1278 1069 1374 1140; x_wconf 87' lang='lat' dir='ltr'>altius</span> <span class='ocrx_word' id='word_1_11' title='bbox 1389 1077 1454 1144; x_wconf 62' lang='grc' dir='ltr'>(οὔ</span> 
     </span>
     <span class='ocr_line' id='line_1_3' title="bbox 491 1170 1456 1276; baseline 0.007 -34"><span class='ocrx_word' id='word_1_12' title='bbox 491 1170 629 1255; x_wconf 87' lang='lat' dir='ltr'>luntur‚</span> <span class='ocrx_word' id='word_1_13' title='bbox 642 1193 678 1243; x_wconf 93' lang='lat' dir='ltr'>ut</span> <span class='ocrx_word' id='word_1_14' title='bbox 700 1173 744 1270; x_wconf 87' lang='lat' dir='ltr'>in</span> <span class='ocrx_word' id='word_1_15' title='bbox 756 1171 841 1272; x_wconf 78' lang='lat' dir='ltr'>jugo</span> <span class='ocrx_word' id='word_1_16' title='bbox 857 1176 914 1249; x_wconf 87' lang='lat' dir='ltr'>vel</span> <span class='ocrx_word' id='word_1_17' title='bbox 934 1178 1095 1271; x_wconf 84' lang='lat' dir='ltr'>pergula,</span> <span class='ocrx_word' id='word_1_18' title='bbox 1117 1177 1174 1247; x_wconf 93' lang='lat' dir='ltr'>ubi</span> <span class='ocrx_word' id='word_1_19' title='bbox 1189 1199 1335 1273; x_wconf 87' lang='lat' dir='ltr'>quatuor</span> <span class='ocrx_word' id='word_1_20' title='bbox 1357 1178 1456 1276; x_wconf 63' lang='lat' dir='ltr'>pedi⁴</span> 
     </span>
     <span class='ocr_line' id='line_1_4' title="bbox 490 1280 1456 1381; baseline 0.008 -28"><span class='ocrx_word' id='word_1_21' title='bbox 490 1280 553 1353; x_wconf 89' lang='lat' dir='ltr'>bus</span> <span class='ocrx_word' id='word_1_22' title='bbox 568 1282 662 1377; x_wconf 91' lang='lat' dir='ltr'>supra</span> <span class='ocrx_word' id='word_1_23' title='bbox 679 1302 798 1360; x_wconf 79' lang='lat' dir='ltr'>terram</span> <span class='ocrx_word' id='word_1_24' title='bbox 813 1280 934 1374; x_wconf 62' lang='lat' dir='ltr'>leuata</span> <span class='ocrx_word' id='word_1_25' title='bbox 953 1286 1122 1373; x_wconf 77' lang='lat' dir='ltr'>steterint,</span> <span class='ocrx_word' id='word_1_26' title='bbox 1137 1307 1297 1381; x_wconf 88' lang='lat' dir='ltr'>quaterna</span> <span class='ocrx_word' id='word_1_27' title='bbox 1320 1289 1456 1361; x_wconf 85' lang='lat' dir='ltr'>brachia</span> 
     </span>
     <span class='ocr_line' id='line_1_5' title="bbox 491 1386 1492 1491; baseline 0.006 -30"><span class='ocrx_word' id='word_1_28' title='bbox 491 1390 644 1461; x_wconf 88' lang='lat' dir='ltr'>habeant.</span> <span class='ocrx_word' id='word_1_29' title='bbox 655 1393 688 1463; x_wconf 84' lang='lat' dir='ltr'>Si</span> <span class='ocrx_word' id='word_1_30' title='bbox 702 1394 908 1470; x_wconf 81' lang='lat' dir='ltr'>mactavitis</span> <span class='ocrx_word' id='word_1_31' title='bbox 927 1394 1014 1484; x_wconf 87' lang='lat' dir='ltr'>erit,</span> <span class='ocrx_word' id='word_1_32' title='bbox 1027 1394 1062 1464; x_wconf 92' lang='lat' dir='ltr'>in</span> <span class='ocrx_word' id='word_1_33' title='bbox 1083 1395 1218 1491; x_wconf 83' lang='lat' dir='ltr'>fingulis</span> <span class='ocrx_word' id='word_1_34' title='bbox 1232 1395 1375 1469; x_wconf 87' lang='lat' dir='ltr'>brachiis</span> <span class='ocrx_word' id='word_1_35' title='bbox 1388 1398 1458 1469; x_wconf 89' lang='lat' dir='ltr'>sm·</span> <span class='ocrx_word' id='word_1_36' title='bbox 1487 1386 1492 1391; x_wconf 56' lang='grc'><strong><em>’</em></strong></span> 
     </span>
     <span class='ocr_line' id='line_1_6' title="bbox 480 1499 1459 1599; baseline 0.008 -30"><span class='ocrx_word' id='word_1_37' title='bbox 480 1591 482 1596; x_wconf 21' lang='grc' dir='ltr'>Ι</span> <span class='ocrx_word' id='word_1_38' title='bbox 484 1501 570 1596; x_wconf 78' lang='lat' dir='ltr'>gula</span> <span class='ocrx_word' id='word_1_39' title='bbox 591 1499 718 1597; x_wconf 85' lang='lat' dir='ltr'>flagella</span> <span class='ocrx_word' id='word_1_40' title='bbox 736 1500 958 1573; x_wconf 86' lang='lat' dir='ltr'>dimittimus:</span> <span class='ocrx_word' id='word_1_41' title='bbox 976 1501 999 1572; x_wconf 83' lang='lat' dir='ltr'>st</span> <span class='ocrx_word' id='word_1_42' title='bbox 1019 1502 1176 1599; x_wconf 88' lang='lat' dir='ltr'>pinguis,</span> <span class='ocrx_word' id='word_1_43' title='bbox 1192 1503 1280 1575; x_wconf 90' lang='lat' dir='ltr'>bina.</span> <span class='ocrx_word' id='word_1_44' title='bbox 1307 1504 1362 1577; x_wconf 90' lang='lat' dir='ltr'>sed</span> <span class='ocrx_word' id='word_1_45' title='bbox 1375 1520 1459 1599; x_wconf 55' lang='lat' dir='ltr'>prod</span> 
     </span>
     <span class='ocr_line' id='line_1_7' title="bbox 492 1608 1459 1707; baseline 0.006 -27"><span class='ocrx_word' id='word_1_46' title='bbox 492 1608 701 1690; x_wconf 69' lang='lat' dir='ltr'>videndum</span> <span class='ocrx_word' id='word_1_47' title='bbox 725 1609 897 1694; x_wconf 80' lang='lat' dir='ltr'>neira-una</span> <span class='ocrx_word' id='word_1_48' title='bbox 919 1630 1011 1702; x_wconf 86' lang='lat' dir='ltr'>parte</span> <span class='ocrx_word' id='word_1_49' title='bbox 1023 1611 1086 1681; x_wconf 86' lang='lat' dir='ltr'>sint</span> <span class='ocrx_word' id='word_1_50' title='bbox 1106 1612 1289 1697; x_wconf 88' lang='lat' dir='ltr'>sarmenta,</span> <span class='ocrx_word' id='word_1_51' title='bbox 1303 1638 1378 1707; x_wconf 86' lang='lat' dir='ltr'>quae</span> <span class='ocrx_word' id='word_1_52' title='bbox 1394 1614 1459 1686; x_wconf 87' lang='lat' dir='ltr'>ser·</span> 
     </span>
     <span class='ocr_line' id='line_1_8' title="bbox 492 1717 1460 1816; baseline 0.002 -27"><span class='ocrx_word' id='word_1_53' title='bbox 492 1741 576 1789; x_wconf 83' lang='lat' dir='ltr'>vas:</span> <span class='ocrx_word' id='word_1_54' title='bbox 596 1719 689 1813; x_wconf 90' lang='lat' dir='ltr'>quod</span> <span class='ocrx_word' id='word_1_55' title='bbox 699 1743 788 1796; x_wconf 83' lang='lat' dir='ltr'>cum.</span> <span class='ocrx_word' id='word_1_56' title='bbox 801 1717 862 1807; x_wconf 77' lang='lat' dir='ltr'>sit,</span> <span class='ocrx_word' id='word_1_57' title='bbox 885 1719 986 1805; x_wconf 84' lang='lat' dir='ltr'>vitis,</span> <span class='ocrx_word' id='word_1_58' title='bbox 1004 1735 1163 1815; x_wconf 81' lang='lat' dir='ltr'>tanquam</span> <span class='ocrx_word' id='word_1_59' title='bbox 1189 1718 1212 1788; x_wconf 87' lang='lat' dir='ltr'><strong>fi</strong></span> <span class='ocrx_word' id='word_1_60' title='bbox 1231 1717 1362 1816; x_wconf 83' lang='lat' dir='ltr'>fulgure</span> <span class='ocrx_word' id='word_1_61' title='bbox 1383 1739 1460 1794; x_wconf 76' lang='lat' dir='ltr'>tan-¹</span> 
     </span>
     <span class='ocr_line' id='line_1_9' title="bbox 492 1825 1458 1924; baseline 0.004 -28"><span class='ocrx_word' id='word_1_62' title='bbox 492 1837 614 1923; x_wconf 75' lang='lat' dir='ltr'>gadir,</span> <span class='ocrx_word' id='word_1_63' title='bbox 639 1825 765 1899; x_wconf 85' lang='lat' dir='ltr'>arescit.</span> <span class='ocrx_word' id='word_1_64' title='bbox 793 1827 1026 1924; x_wconf 73' lang='lat' dir='ltr'>Relinquenda</span> <span class='ocrx_word' id='word_1_65' title='bbox 1052 1827 1129 1899; x_wconf 89' lang='lat' dir='ltr'>sunt</span> <span class='ocrx_word' id='word_1_66' title='bbox 1160 1825 1322 1900; x_wconf 90' lang='lat' dir='ltr'>sarmenta</span> <span class='ocrx_word' id='word_1_67' title='bbox 1347 1853 1458 1924; x_wconf 83' lang='lat' dir='ltr'>neque</span> 
     </span>
    </p>

    <p class='ocr_par' dir='ltr' id='par_1_3' title="bbox 403 1936 1459 2142">
     <span class='ocr_line' id='line_1_10' title="bbox 403 1936 1458 2034; baseline 0.009 -31"><span class='ocrx_word' id='word_1_68' title='bbox 403 1994 406 2003; x_wconf 82' lang='lat'><em>.</em></span> <span class='ocrx_word' id='word_1_69' title='bbox 491 1939 580 2009; x_wconf 85' lang='lat' dir='ltr'>circa</span> <span class='ocrx_word' id='word_1_70' title='bbox 595 1938 713 2020; x_wconf 79' lang='lat' dir='ltr'>durum</span> <span class='ocrx_word' id='word_1_71' title='bbox 725 1994 736 2026; x_wconf 91' lang='lat'>,</span> <span class='ocrx_word' id='word_1_72' title='bbox 749 1964 859 2032; x_wconf 87' lang='lat' dir='ltr'>neque</span> <span class='ocrx_word' id='word_1_73' title='bbox 871 1938 906 2009; x_wconf 88' lang='lat' dir='ltr'>in</span> <span class='ocrx_word' id='word_1_74' title='bbox 922 1937 1072 2011; x_wconf 82' lang='lat' dir='ltr'>summo:</span> <span class='ocrx_word' id='word_1_75' title='bbox 1085 1936 1162 2034; x_wconf 85' lang='lat' dir='ltr'>quia</span> <span class='ocrx_word' id='word_1_76' title='bbox 1175 1936 1353 2011; x_wconf 76' lang='lat' dir='ltr'>hare&#39;velut</span> <span class='ocrx_word' id='word_1_77' title='bbox 1368 1937 1458 2033; x_wconf 85' lang='lat' dir='ltr'>pam·</span> 
     </span>
     <span class='ocr_line' id='line_1_11' title="bbox 492 2044 1459 2142; baseline 0.002 -25"><span class='ocrx_word' id='word_1_78' title='bbox 492 2045 629 2142; x_wconf 76' lang='lat' dir='ltr'>pinaria¹¹</span> <span class='ocrx_word' id='word_1_79' title='bbox 645 2045 942 2136; x_wconf 44' lang='lat' dir='ltr'>minustaffernnm</span> <span class='ocrx_word' id='word_1_80' title='bbox 960 2045 1018 2117; x_wconf 92' lang='lat' dir='ltr'>illa</span> <span class='ocrx_word' id='word_1_81' title='bbox 1039 2044 1144 2118; x_wconf 90' lang='lat' dir='ltr'>vitem</span> <span class='ocrx_word' id='word_1_82' title='bbox 1164 2045 1335 2127; x_wconf 82' lang='lat' dir='ltr'>nimietate</span> <span class='ocrx_word' id='word_1_83' title='bbox 1354 2045 1459 2119; x_wconf 85' lang='lat' dir='ltr'>foetus</span> 
     </span>
    </p>

    <p class='ocr_par' dir='ltr' id='par_1_4' title="bbox 429 2155 1461 2251">
     <span class='ocr_line' id='line_1_12' title="bbox 429 2155 1461 2251; baseline 0.002 -23"><span class='ocrx_word' id='word_1_84' title='bbox 429 2229 432 2236; x_wconf 83' lang='grc'><strong>,</strong></span> <span class='ocrx_word' id='word_1_85' title='bbox 492 2176 657 2241; x_wconf 87' lang='lat' dir='ltr'>onerant,</span> <span class='ocrx_word' id='word_1_86' title='bbox 680 2159 718 2227; x_wconf 73' lang='grc' dir='ltr'>δι</span> <span class='ocrx_word' id='word_1_87' title='bbox 744 2156 882 2251; x_wconf 86' lang='lat' dir='ltr'>longius</span> <span class='ocrx_word' id='word_1_88' title='bbox 902 2158 1042 2229; x_wconf 88' lang='lat' dir='ltr'>ducunt.</span> <span class='ocrx_word' id='word_1_89' title='bbox 1062 2180 1164 2249; x_wconf 89' lang='lat' dir='ltr'>quare</span> <span class='ocrx_word' id='word_1_90' title='bbox 1185 2155 1219 2227; x_wconf 92' lang='lat' dir='ltr'>in</span> <span class='ocrx_word' id='word_1_91' title='bbox 1242 2157 1356 2230; x_wconf 91' lang='lat' dir='ltr'>medio</span> <span class='ocrx_word' id='word_1_92' title='bbox 1375 2157 1461 2231; x_wconf 86' lang='lat' dir='ltr'>loco</span> 
     </span>
    </p>

    <p class='ocr_par' dir='ltr' id='par_1_5' title="bbox 484 2258 1458 2584">
     <span class='ocr_line' id='line_1_13' title="bbox 492 2258 1458 2361; baseline 0.002 -26"><span class='ocrx_word' id='word_1_93' title='bbox 492 2258 749 2354; x_wconf 75' lang='lat' dir='ltr'>servanda&#39;sunt</span> <span class='ocrx_word' id='word_1_94' title='bbox 763 2318 774 2351; x_wconf 84' lang='lat'>,</span> <span class='ocrx_word' id='word_1_95' title='bbox 788 2290 871 2357; x_wconf 80' lang='lat' dir='ltr'>¹quae</span> <span class='ocrx_word' id='word_1_96' title='bbox 891 2284 1033 2338; x_wconf 84' lang='lat' dir='ltr'>tuemur.</span> <span class='ocrx_word' id='word_1_97' title='bbox 1049 2262 1149 2359; x_wconf 83' lang='lat' dir='ltr'>Plaga</span> <span class='ocrx_word' id='word_1_98' title='bbox 1170 2289 1241 2335; x_wconf 89' lang='lat' dir='ltr'>non</span> <span class='ocrx_word' id='word_1_99' title='bbox 1260 2262 1353 2357; x_wconf 81' lang='lat' dir='ltr'>juxta</span> <span class='ocrx_word' id='word_1_100' title='bbox 1367 2291 1458 2361; x_wconf 87' lang='lat' dir='ltr'>gem-</span> 
     </span>
     <span class='ocr_line' id='line_1_14' title="bbox 484 2369 1457 2465; baseline 0.002 -20"><span class='ocrx_word' id='word_1_101' title='bbox 484 2397 605 2457; x_wconf 88' lang='lat' dir='ltr'>mam,</span> <span class='ocrx_word' id='word_1_102' title='bbox 631 2369 684 2458; x_wconf 77' lang='lat' dir='ltr'>sed</span> <span class='ocrx_word' id='word_1_103' title='bbox 710 2371 882 2462; x_wconf 87' lang='lat' dir='ltr'>aliquanto</span> <span class='ocrx_word' id='word_1_104' title='bbox 907 2371 1056 2465; x_wconf 84' lang='lat' dir='ltr'>superius</span> <span class='ocrx_word' id='word_1_105' title='bbox 1082 2370 1162 2462; x_wconf 85' lang='lat' dir='ltr'>fiat,</span> <span class='ocrx_word' id='word_1_106' title='bbox 1184 2376 1220 2445; x_wconf 82' lang='grc' dir='ltr'>δι</span> <span class='ocrx_word' id='word_1_107' title='bbox 1247 2393 1457 2447; x_wconf 86' lang='lat' dir='ltr'>avertatura</span> 
     </span>
     <span class='ocr_line' id='line_1_15' title="bbox 491 2482 1214 2584; baseline 0.004 -31"><span class='ocrx_word' id='word_1_108' title='bbox 491 2491 623 2584; x_wconf 83' lang='lat' dir='ltr'>gemma</span> <span class='ocrx_word' id='word_1_109' title='bbox 647 2493 786 2577; x_wconf 80' lang='lat' dir='ltr'>propter</span> <span class='ocrx_word' id='word_1_110' title='bbox 805 2482 976 2553; x_wconf 81' lang='lat' dir='ltr'>lacrimam</span> <span class='ocrx_word' id='word_1_111' title='bbox 999 2482 1214 2557; x_wconf 84' lang='lat' dir='ltr'>defluentem.</span> 
     </span>
    </p>

    <p class='ocr_par' dir='ltr' id='par_1_6' title="bbox 491 2592 1461 3016">
     <span class='ocr_line' id='line_1_16' title="bbox 540 2592 1460 2691; baseline 0.008 -29"><span class='ocrx_word' id='word_1_112' title='bbox 540 2596 631 2691; x_wconf 68' lang='lat' dir='ltr'>Xffl:</span> <span class='ocrx_word' id='word_1_113' title='bbox 645 2592 753 2677; x_wconf 84' lang='lat' dir='ltr'>Vitis,</span> <span class='ocrx_word' id='word_1_114' title='bbox 769 2593 844 2687; x_wconf 85' lang='lat' dir='ltr'>quae</span> <span class='ocrx_word' id='word_1_115' title='bbox 860 2592 894 2663; x_wconf 90' lang='lat' dir='ltr'>in</span> <span class='ocrx_word' id='word_1_116' title='bbox 908 2594 1029 2665; x_wconf 90' lang='lat' dir='ltr'>arbore</span> <span class='ocrx_word' id='word_1_117' title='bbox 1045 2593 1248 2667; x_wconf 89' lang='lat' dir='ltr'>collocatur.</span> <span class='ocrx_word' id='word_1_118' title='bbox 1261 2596 1369 2668; x_wconf 89' lang='lat' dir='ltr'>Prima</span> <span class='ocrx_word' id='word_1_119' title='bbox 1385 2594 1460 2685; x_wconf 83' lang='lat' dir='ltr'>ejus</span> 
     </span>
     <span class='ocr_line' id='line_1_17' title="bbox 491 2701 1460 2797; baseline -0.001 -23"><span class='ocrx_word' id='word_1_120' title='bbox 491 2703 630 2774; x_wconf 80' lang='lat' dir='ltr'>materia</span> <span class='ocrx_word' id='word_1_121' title='bbox 652 2702 693 2774; x_wconf 85' lang='lat' dir='ltr'>ad</span> <span class='ocrx_word' id='word_1_122' title='bbox 713 2701 889 2773; x_wconf 89' lang='lat' dir='ltr'>secundam</span> <span class='ocrx_word' id='word_1_123' title='bbox 913 2701 972 2772; x_wconf 92' lang='lat' dir='ltr'>vel</span> <span class='ocrx_word' id='word_1_124' title='bbox 999 2702 1129 2774; x_wconf 86' lang='lat' dir='ltr'>tertiam</span> <span class='ocrx_word' id='word_1_125' title='bbox 1153 2728 1316 2797; x_wconf 88' lang='lat' dir='ltr'>gemmam</span> <span class='ocrx_word' id='word_1_126' title='bbox 1337 2703 1460 2797; x_wconf 84' lang='lat' dir='ltr'>praeci-</span> 
     </span>
     <span class='ocr_line' id='line_1_18' title="bbox 492 2812 1461 2908; baseline 0 -24"><span class='ocrx_word' id='word_1_127' title='bbox 492 2814 601 2885; x_wconf 84' lang='lat' dir='ltr'>datur.</span> <span class='ocrx_word' id='word_1_128' title='bbox 626 2812 746 2885; x_wconf 89' lang='lat' dir='ltr'>deinde</span> <span class='ocrx_word' id='word_1_129' title='bbox 765 2812 925 2883; x_wconf 79' lang='lat' dir='ltr'>omnibus</span> <span class='ocrx_word' id='word_1_130' title='bbox 938 2812 1034 2902; x_wconf 69' lang='lat' dir='ltr'>annis</span> <span class='ocrx_word' id='word_1_131' title='bbox 1049 2812 1176 2908; x_wconf 89' lang='lat' dir='ltr'>aliquid</span> <span class='ocrx_word' id='word_1_132' title='bbox 1191 2838 1247 2907; x_wconf 90' lang='lat' dir='ltr'>per</span> <span class='ocrx_word' id='word_1_133' title='bbox 1256 2837 1371 2902; x_wconf 34' lang='lat' dir='ltr'>‘ramos</span> <span class='ocrx_word' id='word_1_134' title='bbox 1385 2830 1461 2884; x_wconf 64' lang='lat' dir='ltr'>cre-¹</span> 
     </span>
     <span class='ocr_line' id='line_1_19' title="bbox 491 2920 1460 3016; baseline -0.002 -21"><span class='ocrx_word' id='word_1_135' title='bbox 491 2922 581 2995; x_wconf 88' lang='lat' dir='ltr'>scere</span> <span class='ocrx_word' id='word_1_136' title='bbox 601 2920 739 3016; x_wconf 83' lang='lat' dir='ltr'>subinde</span> <span class='ocrx_word' id='word_1_137' title='bbox 758 2921 942 3013; x_wconf 88' lang='lat' dir='ltr'>patiamur,</span> <span class='ocrx_word' id='word_1_138' title='bbox 958 2946 1057 2992; x_wconf 89' lang='lat' dir='ltr'>unam</span> <span class='ocrx_word' id='word_1_139' title='bbox 1079 2924 1248 2994; x_wconf 83' lang='lat' dir='ltr'>materiam</span> <span class='ocrx_word' id='word_1_140' title='bbox 1271 2920 1397 3014; x_wconf 82' lang='lat' dir='ltr'>semper</span> <span class='ocrx_word' id='word_1_141' title='bbox 1416 2921 1460 2993; x_wconf 88' lang='lat' dir='ltr'>ad</span> 
     </span>
    </p>

    <p class='ocr_par' dir='ltr' id='par_1_7' title="bbox 412 3032 1462 3788">
     <span class='ocr_line' id='line_1_20' title="bbox 412 3032 1462 3134; baseline -0.003 -27"><span class='ocrx_word' id='word_1_142' title='bbox 412 3098 416 3107; x_wconf 89' lang='lat'><em>.</em></span> <span class='ocrx_word' id='word_1_143' title='bbox 492 3059 656 3107; x_wconf 83' lang='lat' dir='ltr'>cacumen</span> <span class='ocrx_word' id='word_1_144' title='bbox 672 3032 800 3118; x_wconf 77' lang='lat' dir='ltr'>arbpris</span> <span class='ocrx_word' id='word_1_145' title='bbox 816 3032 1005 3134; x_wconf 70' lang='lat' dir='ltr'>dirigentes.</span> <span class='ocrx_word' id='word_1_146' title='bbox 1018 3034 1083 3103; x_wconf 88' lang='lat' dir='ltr'>Sed</span> <span class='ocrx_word' id='word_1_147' title='bbox 1097 3032 1156 3127; x_wconf 90' lang='lat' dir='ltr'>qui</span> <span class='ocrx_word' id='word_1_148' title='bbox 1174 3032 1319 3102; x_wconf 75' lang='lat' dir='ltr'>frudum</span> <span class='ocrx_word' id='word_1_149' title='bbox 1334 3032 1462 3104; x_wconf 88' lang='lat' dir='ltr'>volunt</span> 
     </span>
     <span class='ocr_line' id='line_1_21' title="bbox 492 3137 1459 3235; baseline -0.003 -23"><span class='ocrx_word' id='word_1_150' title='bbox 492 3141 675 3212; x_wconf 85' lang='lat' dir='ltr'>maximum</span> <span class='ocrx_word' id='word_1_151' title='bbox 691 3141 873 3224; x_wconf 78' lang='lat' dir='ltr'>‚materias</span> <span class='ocrx_word' id='word_1_152' title='bbox 896 3141 1007 3235; x_wconf 88' lang='lat' dir='ltr'>plures</span> <span class='ocrx_word' id='word_1_153' title='bbox 1026 3165 1084 3233; x_wconf 90' lang='lat' dir='ltr'>per</span> <span class='ocrx_word' id='word_1_154' title='bbox 1107 3161 1218 3209; x_wconf 89' lang='lat' dir='ltr'>ramos</span> <span class='ocrx_word' id='word_1_155' title='bbox 1235 3137 1459 3228; x_wconf 86' lang='lat' dir='ltr'>submittunt;</span> 
     </span>
     <span class='ocr_line' id='line_1_22' title="bbox 492 3249 1461 3348; baseline 0.003 -28"><span class='ocrx_word' id='word_1_156' title='bbox 492 3251 550 3345; x_wconf 87' lang='lat' dir='ltr'>qui</span> <span class='ocrx_word' id='word_1_157' title='bbox 568 3253 683 3338; x_wconf 83' lang='lat' dir='ltr'>vinum</span> <span class='ocrx_word' id='word_1_158' title='bbox 704 3249 847 3348; x_wconf 84' lang='lat' dir='ltr'>melius,</span> <span class='ocrx_word' id='word_1_159' title='bbox 860 3250 1021 3323; x_wconf 89' lang='lat' dir='ltr'>sarmenta</span> <span class='ocrx_word' id='word_1_160' title='bbox 1035 3250 1069 3319; x_wconf 93' lang='lat' dir='ltr'>in</span> <span class='ocrx_word' id='word_1_161' title='bbox 1085 3272 1244 3322; x_wconf 86' lang='lat' dir='ltr'>cacumen</span> <span class='ocrx_word' id='word_1_162' title='bbox 1260 3249 1461 3324; x_wconf 85' lang='lat' dir='ltr'>extendunt.</span> 
     </span>
     <span class='ocr_line' id='line_1_23' title="bbox 493 3356 1460 3455; baseline -0.003 -21"><span class='ocrx_word' id='word_1_163' title='bbox 493 3361 706 3434; x_wconf 87' lang='lat' dir='ltr'>Fortioribus</span> <span class='ocrx_word' id='word_1_164' title='bbox 719 3360 821 3434; x_wconf 87' lang='lat' dir='ltr'>ramis</span> <span class='ocrx_word' id='word_1_165' title='bbox 834 3362 994 3433; x_wconf 90' lang='lat' dir='ltr'>arborum</span> <span class='ocrx_word' id='word_1_166' title='bbox 1008 3360 1122 3455; x_wconf 87' lang='lat' dir='ltr'>plures</span> <span class='ocrx_word' id='word_1_167' title='bbox 1135 3356 1299 3443; x_wconf 77' lang='lat' dir='ltr'>materiae,</span> <span class='ocrx_word' id='word_1_168' title='bbox 1312 3357 1460 3431; x_wconf 91' lang='lat' dir='ltr'>debilio-</span> 
     </span>
     <span class='ocr_line' id='line_1_24' title="bbox 491 3469 1459 3572; baseline -0.004 -27"><span class='ocrx_word' id='word_1_169' title='bbox 491 3474 585 3557; x_wconf 74' lang='lat' dir='ltr'>ribps&#39;</span> <span class='ocrx_word' id='word_1_170' title='bbox 599 3474 813 3572; x_wconf 80' lang='lat' dir='ltr'>imponendae</span> <span class='ocrx_word' id='word_1_171' title='bbox 828 3471 905 3560; x_wconf 86' lang='lat' dir='ltr'>sunt</span> <span class='ocrx_word' id='word_1_172' title='bbox 919 3471 1105 3566; x_wconf 89' lang='lat' dir='ltr'>pauc-iores.</span> <span class='ocrx_word' id='word_1_173' title='bbox 1124 3469 1267 3540; x_wconf 90' lang='lat' dir='ltr'>Putandi</span> <span class='ocrx_word' id='word_1_174' title='bbox 1281 3488 1391 3539; x_wconf 89' lang='lat' dir='ltr'>autem</span> <span class='ocrx_word' id='word_1_175' title='bbox 1405 3494 1459 3541; x_wconf 86' lang='lat' dir='ltr'>ra-</span> 
     </span>
     <span class='ocr_line' id='line_1_25' title="bbox 494 3579 1460 3678; baseline -0.003 -24"><span class='ocrx_word' id='word_1_176' title='bbox 494 3584 545 3654; x_wconf 86' lang='lat' dir='ltr'>tio</span> <span class='ocrx_word' id='word_1_177' title='bbox 570 3584 650 3678; x_wconf 14' lang='lat' dir='ltr'>talis!</span> <span class='ocrx_word' id='word_1_178' title='bbox 664 3583 734 3671; x_wconf 88' lang='lat' dir='ltr'>ell,</span> <span class='ocrx_word' id='word_1_179' title='bbox 759 3586 852 3654; x_wconf 89' lang='lat' dir='ltr'>ut&amp;</span> <span class='ocrx_word' id='word_1_180' title='bbox 875 3601 988 3653; x_wconf 90' lang='lat' dir='ltr'>vetera</span> <span class='ocrx_word' id='word_1_181' title='bbox 1006 3580 1188 3663; x_wconf 86' lang='lat' dir='ltr'>sarmenta,</span> <span class='ocrx_word' id='word_1_182' title='bbox 1210 3579 1331 3675; x_wconf 87' lang='lat' dir='ltr'>quibus</span> <span class='ocrx_word' id='word_1_183' title='bbox 1359 3579 1460 3674; x_wconf 88' lang='lat' dir='ltr'>primi</span> 
     </span>
     <span class='ocr_line' id='line_1_26' title="bbox 483 3691 1460 3788; baseline 0 -26"><span class='ocrx_word' id='word_1_184' title='bbox 483 3695 572 3765; x_wconf 88' lang='lat' dir='ltr'>anni</span> <span class='ocrx_word' id='word_1_185' title='bbox 585 3695 712 3780; x_wconf 64' lang='lat' dir='ltr'>fructus</span> <span class='ocrx_word' id='word_1_186' title='bbox 734 3692 913 3788; x_wconf 87' lang='lat' dir='ltr'>pependit,</span> <span class='ocrx_word' id='word_1_187' title='bbox 930 3691 1045 3764; x_wconf 84' lang='lat' dir='ltr'>¹omnia</span> <span class='ocrx_word' id='word_1_188' title='bbox 1064 3691 1281 3779; x_wconf 86' lang='lat' dir='ltr'>recidantur,</span> <span class='ocrx_word' id='word_1_189' title='bbox 1303 3692 1342 3763; x_wconf 75' lang='grc' dir='ltr'>δι</span> <span class='ocrx_word' id='word_1_190' title='bbox 1360 3714 1460 3762; x_wconf 83' lang='lat' dir='ltr'>nova</span> 
     </span>
    </p>

    <p class='ocr_par' dir='ltr' id='par_1_8' title="bbox 442 3787 1464 4447">
     <span class='ocr_line' id='line_1_27' title="bbox 442 3787 1461 3896; baseline -0.01 -18"><span class='ocrx_word' id='word_1_191' title='bbox 442 3790 447 3865; x_wconf 69' lang='grc' dir='ltr'>ζ</span> <span class='ocrx_word' id='word_1_192' title='bbox 492 3787 879 3896; x_wconf 55' lang='grc' dir='ltr'>εἰτςιιηίεἰίὶεωρτεοίἰε</span> <span class='ocrx_word' id='word_1_193' title='bbox 895 3800 1082 3889; x_wconf 84' lang='lat' dir='ltr'>&amp;ramulis</span> <span class='ocrx_word' id='word_1_194' title='bbox 1098 3799 1272 3873; x_wconf 89' lang='lat' dir='ltr'>inutilibus</span> <span class='ocrx_word' id='word_1_195' title='bbox 1286 3798 1461 3871; x_wconf 92' lang='lat' dir='ltr'>dimittan-</span> 
     </span>
     <span class='ocr_line' id='line_1_28' title="bbox 492 3906 1460 4006; baseline -0.006 -21"><span class='ocrx_word' id='word_1_196' title='bbox 492 3930 560 3985; x_wconf 88' lang='lat' dir='ltr'>tur.</span> <span class='ocrx_word' id='word_1_197' title='bbox 581 3912 643 4006; x_wconf 70' lang='lat' dir='ltr'>Sed</span> <span class='ocrx_word' id='word_1_198' title='bbox 669 3908 922 4003; x_wconf 88' lang='lat' dir='ltr'>providendum</span> <span class='ocrx_word' id='word_1_199' title='bbox 943 3911 1016 3996; x_wconf 82' lang='lat' dir='ltr'>etl,</span> <span class='ocrx_word' id='word_1_200' title='bbox 1041 3909 1199 3980; x_wconf 85' lang='lat' dir='ltr'>omnibus</span> <span class='ocrx_word' id='word_1_201' title='bbox 1226 3908 1321 3980; x_wconf 89' lang='lat' dir='ltr'>annis</span> <span class='ocrx_word' id='word_1_202' title='bbox 1352 3906 1460 3979; x_wconf 89' lang='lat' dir='ltr'>vitem</span> 
     </span>
     <span class='ocr_line' id='line_1_29' title="bbox 493 3987 1460 4119; baseline -0.009 -22"><span class='ocrx_word' id='word_1_203' title='bbox 493 4022 620 4097; x_wconf 83' lang='lat' dir='ltr'>resolvi</span> <span class='ocrx_word' id='word_1_204' title='bbox 641 4045 681 4093; x_wconf 89' lang='lat' dir='ltr'>ac</span> <span class='ocrx_word' id='word_1_205' title='bbox 698 4021 856 4119; x_wconf 80' lang='lat' dir='ltr'>religari,</span> <span class='ocrx_word' id='word_1_206' title='bbox 871 4022 951 4117; x_wconf 89' lang='lat' dir='ltr'>quia</span> <span class='ocrx_word' id='word_1_207' title='bbox 971 3987 1198 4116; x_wconf 65' lang='lat' dir='ltr'>refrigeraturi</span> <span class='ocrx_word' id='word_1_208' title='bbox 1219 4025 1266 4091; x_wconf 89' lang='lat' dir='ltr'>lta</span> <span class='ocrx_word' id='word_1_209' title='bbox 1288 4016 1460 4088; x_wconf 88' lang='lat' dir='ltr'>formandi</span> 
     </span>
     <span class='ocr_line' id='line_1_30' title="bbox 493 4123 1464 4214; baseline -0.006 -11"><span class='ocrx_word' id='word_1_210' title='bbox 493 4132 569 4206; x_wconf 88' lang='lat' dir='ltr'>sunt</span> <span class='ocrx_word' id='word_1_211' title='bbox 583 4129 666 4202; x_wconf 89' lang='lat' dir='ltr'>rami</span> <span class='ocrx_word' id='word_1_212' title='bbox 680 4129 842 4206; x_wconf 85' lang='lat' dir='ltr'>arborum</span> <span class='ocrx_word' id='word_1_213' title='bbox 857 4126 1088 4214; x_wconf 85' lang='lat' dir='ltr'>vitiferarum,</span> <span class='ocrx_word' id='word_1_214' title='bbox 1101 4152 1143 4197; x_wconf 92' lang='lat' dir='ltr'>ne</span> <span class='ocrx_word' id='word_1_215' title='bbox 1155 4126 1237 4198; x_wconf 90' lang='lat' dir='ltr'>alter</span> <span class='ocrx_word' id='word_1_216' title='bbox 1252 4124 1311 4195; x_wconf 91' lang='lat' dir='ltr'>sub</span> <span class='ocrx_word' id='word_1_217' title='bbox 1325 4123 1464 4197; x_wconf 83' lang='lat' dir='ltr'>alterius</span> 
     </span>
     <span class='ocr_line' id='line_1_31' title="bbox 495 4234 1462 4336; baseline -0.004 -27"><span class='ocrx_word' id='word_1_218' title='bbox 495 4239 584 4310; x_wconf 90' lang='lat' dir='ltr'>linea</span> <span class='ocrx_word' id='word_1_219' title='bbox 607 4240 789 4336; x_wconf 85' lang='lat' dir='ltr'>dirigatur:</span> <span class='ocrx_word' id='word_1_220' title='bbox 805 4237 860 4309; x_wconf 82' lang='lat' dir='ltr'>se&#39;d</span> <span class='ocrx_word' id='word_1_221' title='bbox 876 4238 957 4309; x_wconf 89' lang='lat' dir='ltr'>loco</span> <span class='ocrx_word' id='word_1_222' title='bbox 976 4235 1094 4332; x_wconf 85' lang='lat' dir='ltr'>pingui</span> <span class='ocrx_word' id='word_1_223' title='bbox 1115 4236 1224 4307; x_wconf 84' lang='lat' dir='ltr'>ulmus</span> <span class='ocrx_word' id='word_1_224' title='bbox 1243 4260 1261 4304; x_wconf 92' lang='lat' dir='ltr'>a</span> <span class='ocrx_word' id='word_1_225' title='bbox 1278 4254 1366 4305; x_wconf 88' lang='lat' dir='ltr'>terra</span> <span class='ocrx_word' id='word_1_226' title='bbox 1379 4234 1462 4305; x_wconf 75' lang='lat' dir='ltr'>odo</span> 
     </span>
     <span class='ocr_line' id='line_1_32' title="bbox 496 4342 1463 4447; baseline -0.003 -26"><span class='ocrx_word' id='word_1_227' title='bbox 496 4348 657 4443; x_wconf 84' lang='lat' dir='ltr'>pedibus,</span> <span class='ocrx_word' id='word_1_228' title='bbox 672 4345 790 4447; x_wconf 84' lang='lat' dir='ltr'>gracili</span> <span class='ocrx_word' id='word_1_229' title='bbox 808 4370 894 4426; x_wconf 86' lang='lat' dir='ltr'>vero</span> <span class='ocrx_word' id='word_1_230' title='bbox 907 4344 1033 4443; x_wconf 83' lang='lat' dir='ltr'>septem</span> <span class='ocrx_word' id='word_1_231' title='bbox 1051 4344 1120 4419; x_wconf 84' lang='lat' dir='ltr'>srne</span> <span class='ocrx_word' id='word_1_232' title='bbox 1131 4367 1227 4418; x_wconf 88' lang='lat' dir='ltr'>ramo</span> <span class='ocrx_word' id='word_1_233' title='bbox 1243 4342 1463 4440; x_wconf 79' lang='lat' dir='ltr'>relinquenda</span> 
     </span>
    </p>
   </div>
   <div class='ocr_carea' id='block_1_3' title="bbox 0 0 1944 5759">
    <p class='ocr_par' dir='ltr' id='par_1_9' title="bbox 0 0 1944 5759">
     <span class='ocr_line' id='line_1_33' title="bbox 0 0 1944 5759; baseline 0 0"><span class='ocrx_word' id='word_1_234' title='bbox 0 0 1944 5759; x_wconf 95' lang='lat' dir='ltr'> </span> 
     </span>
    </p>
   </div>
  </div>
 </body>
</html>
