3875 5759
402 4414 416 4463 Ι

564 938 1434 1029 ffloPALLADllRUleH

565 1110 649 1189 mihi
666 1110 755 1183 inter
772 1107 937 1183 corticem
951 1110 991 1184 δι
1005 1108 1135 1210 lignum
1149 1111 1292 1188 feliciter
1309 1114 1530 1214 sempere'vei

562 1224 628 1299 nit.
647 1220 706 1319 qui
728 1219 763 1290 in
785 1235 909 1291 trunco
928 1216 1107 1310 inserunt,
1131 1221 1216 1296 licut
1238 1227 1405 1301 Martialis
1424 1230 1529 1319 dicit,

564 1355 704 1408 omnem
717 1329 924 1423 lanuginem,
936 1355 1013 1426 quac
1025 1326 1115 1403 circa
1129 1330 1188 1421 est,
1198 1332 1330 1406 anferre
1343 1334 1529 1412 debebunt:

538 1533 540 1542 Ι
562 1465 680 1541 quam,
704 1434 962 1528 siremanserit,
986 1437 1092 1538 insitis
1117 1465 1243 1514 nocere
1266 1444 1462 1520 manifestat.
1490 1450 1529 1517 ln

539 1545 542 1554 ’
560 1548 681 1627 cerasis
693 1548 762 1621 hoc
773 1545 974 1620 servandum
988 1549 1099 1640 cib&
1114 1549 1151 1622 in
1163 1551 1324 1626 omnibus
1337 1554 1532 1650 gummatis,

561 1681 602 1736 ut
617 1678 699 1733 tunc
717 1654 906 1730 inserantur
916 1710 929 1749 ,
941 1659 1079 1755 quando
1094 1658 1147 1733 his
1163 1660 1220 1734 uel
1233 1685 1305 1732 non
1318 1661 1382 1751 est,
1400 1664 1455 1736 vel
1469 1665 1531 1737 de·

560 1770 652 1847 srnit'
667 1792 801 1870 gumma
825 1765 972 1842 effluere.
998 1767 1143 1843 Cerasus
1168 1767 1326 1842 inseritur
1349 1770 1386 1843 ln
1414 1772 1468 1862 se,
1492 1775 1534 1869 in

475 1977 478 1984 ¹
561 1904 699 1982 pruno,
713 1878 749 1952 in
768 1878 928 1975 platano;
941 1895 978 1951 ut
999 1878 1080 1971 alii,
1100 1878 1137 1953 in
1158 1879 1302 1977 populo.
1324 1900 1414 1953 amat
1434 1882 1531 1956 scro-

560 1994 622 2067 bes
641 1990 744 2079 altas,
758 1989 859 2085 spatia
877 1988 1045 2086 largiora,
1064 1988 1202 2063 affiduas
1220 1986 1392 2063 foffiones.
1417 1993 1530 2067 Putari

562 2100 601 2174 in
621 2124 660 2172 ea
677 2094 841 2194 putria&
862 2096 949 2169 slcca
965 2098 1157 2188 debebunt,
1170 2097 1226 2173 vel
1239 2123 1316 2197 quae
1329 2098 1459 2173 densius
1472 2125 1529 2173 ar·

477 2257 481 2265 .
561 2215 646 2286 eata
665 2205 870 2303 protulerit,
884 2225 923 2277 ut
941 2206 1093 2280 rarescat.
1114 2206 1233 2282 fimum
1262 2234 1334 2282 non
1355 2200 1465 2301 amat,
1479 2232 1530 2286 at·

560 2344 629 2419 que
653 2318 730 2391 inde
752 2316 941 2415 degenerat.
962 2317 1086 2390 Gerasa
1100 2339 1138 2391 ut
1155 2321 1224 2392 stne
1242 2321 1529 2416 oslenascantur,

561 2429 638 2507 fieri
657 2424 822 2501 Martialis
843 2424 912 2499 hoc
927 2426 1019 2501 dicit.
1038 2428 1197 2500 arborem
1215 2444 1364 2501 teneram
1381 2432 1424 2502 ad
1443 2433 1530 2509 duos

561 2542 666 2641 pedes
694 2534 844 2633 recides,
867 2536 907 2610 δι
931 2561 1006 2609 eam
1032 2534 1137 2633 usque
1162 2534 1203 2608 ad
1226 2536 1372 2609 radicem
1400 2537 1531 2634 findes,

561 2647 746 2725 medullam
765 2645 869 2742 partis
888 2643 1064 2744 utriusque
1085 2642 1178 2718 ferro
1200 2644 1332 2718 curabis
1350 2645 1531 2737 abradere,

562 2764 603 2837 δι
618 2759 725 2834 slatim
748 2756 903 2855 utrasque
920 2769 1030 2855 partes
1048 2757 1083 2830 in
1104 2756 1137 2829 se
1157 2756 1301 2830 vinculo
1324 2755 1474 2855 stringis,
1490 2764 1530 2835 δι

563 2871 693 2944 oblinis
714 2868 872 2959 simo,&
885 2869 1047 2942 summam
1066 2870 1267 2966 partem,&
1285 2870 1426 2945 laterum
1441 2874 1530 2947 divi·

562 2980 662 3050 suras
685 2975 761 3068 post
777 3000 903 3045 annum
919 2978 1058 3047 cicatrix
1071 2977 1168 3049 duda
1181 2978 1353 3052 solidatur.
1373 2969 1461 3055 hanc
1474 3010 1529 3055 ar·

561 3085 684 3155 borem
702 3080 842 3152 surculis
854 3131 866 3166 ‚
876 3082 939 3172 'qui
953 3084 1063 3153 adhuc
1078 3082 1220 3154 fruslum
1237 3110 1309 3157 non
1325 3090 1529 3183 attulerunt,

562 3193 712 3278 inseres,
726 3193 783 3277 δι,
800 3205 839 3261 ut
851 3188 979 3276 asserit,
994 3214 1037 3261 ex
1051 3189 1103 3262 his
1122 3192 1191 3264 stne
1204 3194 1330 3267 offibus
1353 3221 1456 3289 poma
1471 3229 1530 3275 na.

491 3346 493 3352 ,
563 3297 710 3371 scentur.
731 3295 765 3368 Si
787 3293 918 3368 cerasus
936 3313 1110 3391 concepto
1126 3295 1271 3394 humore
1296 3302 1477 3393 putrescit,
1491 3308 1528 3380 in

562 3428 690 3483 trunco
710 3404 867 3479 foramen
888 3404 1054 3501 accipiat,
1068 3421 1139 3503 quo
1158 3405 1259 3503 poffit
1273 3407 1382 3481 educi.
1402 3410 1436 3482 Si
1452 3412 1528 3486 sor·

563 3518 667 3593 micas
687 3516 833 3613 patitur,
849 3515 985 3589 succum
1005 3517 1190 3611 portulaca
1210 3515 1346 3590 debebis
1368 3519 1529 3598 infundec

533 3636 535 3641 ’
562 3654 622 3717 ce,
640 3631 717 3700 cum
731 3624 819 3699 aceti
831 3626 941 3699 media
957 3646 1052 3721 parte
1066 3625 1292 3723 permixtum,
1307 3627 1364 3699 vel
1378 3630 1450 3702 vini
1466 3633 1528 3706 sae·

564 3740 662 3815 cibus
685 3755 842 3810 truncum
870 3735 1002 3808 arboris
1027 3735 1182 3809 slorentis
1213 3734 1364 3810 adlinire.
1389 3741 1423 3811 si
1450 3745 1529 3823 ‚aeslu
1596 3741 1601 3754 ’

564 3847 805 3923 Canicularum
820 3843 1001 3941 fatigatur,
1013 3844 1115 3919 trium
1133 3843 1281 3918 fontium
1295 3848 1440 3946 singulos
1456 3853 1529 3926 sex·

564 3962 672 4035 tarios
691 3957 914 4052 sumtosposl
935 3956 1015 4031 solis
1029 3957 1188 4030 occasum
1209 3959 1376 4032 radicibus
1396 3963 1529 4039 arboris

563 4070 738 4169 jubeamus
751 4069 891 4142 influere
908 4070 952 4144 src
963 4121 976 4157 ,
989 4094 1032 4142 ne
1049 4069 1233 4142 temedium
1251 4070 1328 4141 luna
1343 4071 1530 4166 deprehen,

567 4186 634 4257 dat.
659 4183 719 4255 vel
732 4182 869 4254 herbam
884 4182 1162 4281 symphoniacum
1182 4182 1270 4256 circa
1282 4182 1413 4255 arboris
1432 4204 1526 4259 trun·

569 4317 646 4364 curn
660 4293 1134 4389 torquebimusincoronam‚
1145 4293 1255 4366 velex
1268 4319 1305 4365 ea
1316 4293 1412 4387 juxta
1421 4296 1525 4371 imum

570 4393 726 4473 codicem
748 4399 860 4475 cubile
881 4398 1052 4475 faciemus.
1076 4400 1196 4474 Cetasa
1219 4427 1291 4475 non
1312 4404 1408 4479 aliter
1423 4431 1523 4503 quam
