3875 5759
512 842 645 913 nnus
670 837 882 934 vernum.
907 837 1005 912 srva
1030 836 1233 916 uutou.
1275 804 1357 943 415'
1466 929 1470 936 ,

441 1000 567 1073 LXXI.
589 998 723 1074 Scabies
747 996 905 1093 jumentis
930 998 1116 1071 deformem
1142 1000 1350 1095 paffionem,

391 1108 430 1181 δι
450 1105 618 1179 interdum
641 1108 828 1204 periculum
854 1128 997 1207 generat.
1016 1110 1225 1207 Contagiosa
1255 1103 1352 1186 nam·¹

390 1239 458 1311 que
481 1215 548 1305 est,
567 1218 605 1292 δι
628 1217 743 1289 tranfit
767 1218 802 1290 in
833 1219 953 1313 plures.
981 1216 1047 1291 cui
1073 1218 1220 1292 nascenti
1246 1222 1351 1294 medi·

390 1324 552 1397 camentis
573 1350 644 1399 non
665 1345 801 1422 oportet
816 1351 1019 1417 occurrere,
1035 1352 1077 1400 ne
1097 1329 1255 1425 praeclusa
1273 1351 1351 1403 cute
1445 1365 1454 1390 s

388 1434 425 1506 in
446 1436 631 1512 visceribus
648 1441 790 1515 residens
811 1463 1029 1517 convertatur
1046 1443 1083 1515 in
1104 1445 1275 1519 morbum.
1287 1445 1351 1518 Sed

388 1562 428 1615 ut
450 1548 596 1642 eruperit
616 1548 728 1641 foras,
747 1552 860 1648 primo
884 1554 1041 1651 purgatio
1064 1554 1193 1627 ventris
1210 1554 1351 1627 adhibe·

387 1671 463 1741 tur,
485 1656 508 1728 sr
527 1659 704 1753 pulverem
722 1685 764 1732 ex
783 1687 962 1736 cucumere
988 1661 1141 1738 silvatico
1161 1688 1238 1737 cum
1265 1664 1352 1737 vino

386 1764 541 1842 saucibus
562 1771 713 1845 animalis
733 1765 905 1858 infundis,
928 1775 984 1846 vel
1015 1792 1128 1860 certe,
1151 1773 1175 1844 st
1201 1775 1350 1848 radicem

383 1876 556 1980 concisam
576 1882 716 1978 copiose
736 1908 812 1955 cum
832 1883 966 1953 hordeo
991 1879 1226 1954 subministres.
1241 1882 1350 1973 Quod

386 2007 462 2055 cum
479 2011 523 2057 ex
544 1988 676 2063 ratione
689 1990 904 2085 processerit,
919 1988 1121 2085 interposito
1136 1989 1274 2077 triduo,
1287 1991 1350 2062 ali·

385 2092 588 2184 quantulum
602 2094 826 2191 sanguinis,s1
847 2115 946 2191 caput
961 2100 999 2170 δι
1011 2098 1137 2171 collum
1157 2096 1284 2170 scabies
1299 2098 1351 2169 in·
1364 2189 1367 2196 Ι

367 2194 502 2289 sebar,
522 2203 718 2303 deucervice
746 2204 911 2279 detrahes.
930 2205 964 2277 Si
992 2231 1077 2280 vero
1102 2206 1267 2302 scapulae,
1292 2195 1350 2279 uel

384 2304 489 2395 armi,
503 2327 560 2380 aut
576 2311 688 2405 peslus
708 2311 744 2383 in
759 2313 853 2386 causa
873 2314 940 2399 est,
958 2314 1000 2386 de
1017 2316 1199 2389 brachiolis
1218 2316 1349 2413 sanguis

385 2412 559 2490 emittitur.
578 2420 667 2491 Cum
682 2420 834 2517 spinam,
851 2424 906 2496 vel
920 2424 1075 2513 lumbos,
1098 2445 1155 2497 aut
1168 2429 1272 2498 c'oxas
1286 2450 1348 2519 pa-

384 2522 472 2617 pulis
494 2526 634 2602 aeslbans
656 2533 797 2629 prurigo
818 2532 1023 2629 pervaserit,
1039 2534 1079 2603 de
1100 2534 1268 2604 femorum
1291 2556 1350 2603 ve·

383 2632 437 2705 nis
460 2636 590 2735 sanguis
607 2642 783 2713 emittitur.
804 2640 1025 2735 Asphaltum,
1043 2640 1183 2735 sulphur
1208 2639 1348 2727 vivum,

382 2741 493 2837 picem
512 2747 671 2842 liquidam
694 2749 729 2821 in
750 2750 914 2846 butyrum
935 2747 1040 2842 aequis
1064 2748 1273 2842 ponderibus
1289 2773 1349 2842 pa·

382 2851 463 2924 riter
490 2855 635 2945 deteris,
657 2860 695 2930 δι
720 2859 755 2929 in
781 2857 852 2952 sole
873 2856 1053 2929 diutissime
1076 2854 1270 2929 confricans
1289 2876 1348 2928 to·

383 2982 454 3034 tum
469 2961 612 3053 jumenti
630 2991 756 3063 corpus
771 2965 937 3065 perungis.
950 2966 1036 3039 aceti
1050 2966 1132 3039 acris
1146 2966 1347 3054 sextarium,

382 3069 505 3164 piculae
519 3079 635 3148 uncias
656 3097 821 3174 quatuor,
834 3076 981 3151 cedrinae
996 3077 1110 3150 uncias
1124 3096 1271 3172 quatuor
1286 3101 1348 3172 pa·

382 3178 466 3251 riter
486 3182 662 3281 decoquis,
684 3187 869 3260 scabiosum
890 3185 1014 3258 animal
1032 3210 1073 3257 ex
1089 3185 1177 3257 l'otio
1196 3185 1349 3282 humano

383 3290 421 3361 δι
438 3289 543 3363 calida
556 3293 719 3390 permixta
735 3291 979 3390 diligentissime
994 3289 1253 3386 perfricaturus,
1264 3310 1347 3366 tunc

382 3399 545 3489 penicillo
566 3403 602 3473 in
615 3401 700 3474 fuste
723 3402 826 3497 ligato
849 3400 1135 3472 medicamentum
1153 3399 1286 3474 inducis
1309 3400 1345 3471 in

382 3505 465 3582 sole.
491 3511 677 3605 asphaltum
693 3514 731 3583 &
749 3508 890 3602 sulphur
909 3507 1082 3604 aequaliter
1097 3509 1267 3594 conteris,
1284 3507 1345 3578 ad·
1453 3569 1457 3575 ,

382 3614 450 3687 dita
462 3617 560 3711 adipe
577 3618 718 3713 porcina
729 3619 791 3707 ,·&
808 3616 876 3687 olei
891 3615 1017 3688 veteris
1037 3618 1254 3704 tantundem,
1268 3610 1343 3712 quat

383 3750 461 3797 cum
481 3726 680 3813 decoreris,
704 3749 870 3822 perunges
894 3723 927 3794 in
949 3723 1031 3795 sole.
1057 3725 1175 3820 Adipis
1195 3725 1343 3810 libram,

382 3832 549 3928 sulphuris
562 3834 635 3909 vivi
646 3834 761 3907 uncias
774 3835 878 3919 duas,
893 3831 1066 3906 bituminis
1080 3834 1215 3905 unciam
1228 3856 1342 3920 unam,
1421 3849 1425 3858 ·

382 3943 452 4014 olei
469 3944 647 4033 selibram,
670 3943 752 4040 picis
771 3942 909 4039 liquidae
932 3940 1075 4037 cyathos
1098 3942 1206 4028 duos,
1222 3940 1340 4013 omnia

384 4054 534 4124 conteris
548 4057 585 4128 δι
598 4051 787 4149 decoquis,
801 4055 838 4125 &
852 4050 1032 4147 pertingis,
1045 4051 1128 4123 sicut
1140 4050 1235 4144 supra
1258 4048 1343 4122 scri·

383 4181 480 4259 ptum
503 4164 558 4235 esl.
579 4165 669 4237 Lotii
685 4162 809 4239 veteris
830 4161 968 4237 humani
980 4213 992 4250 ,
1012 4160 1102 4235 saecis
1125 4162 1233 4254 scrup.
1257 4185 1342 4256 qua,-

384 4292 484 4363 tuor,
499 4270 652 4348 stercoris
674 4271 775 4350 ovilli
795 4270 970 4359 selibram,
988 4269 1057 4346 olei
1072 4267 1239 4342 heminam
1252 4319 1265 4359 ‚
1278 4265 1344 4339 sul·
