3875 5759
580 877 1209 991 immunimus.
1317 919 1393 989 nr

423 1077 513 1151 ditur
533 1077 637 1175 usque
657 1071 708 1151 ud¹
719 1078 912 1165 meridiem,
930 1063 968 1150 δὲ
984 1078 1093 1151 adhuc
1107 1076 1222 1149 mollis
1246 1075 1282 1147 in
1296 1100 1384 1170 qua·

386 1269 398 1275 ,¹
423 1187 494 1259 lum
508 1186 705 1258 refunditur.
716 1191 818 1260 Tunc
834 1186 996 1259 calefacto
1017 1186 1142 1275 surno,
1158 1188 1198 1259 ad
1214 1184 1308 1281 panis
1323 1211 1386 1259 co·

424 1297 554 1393 quendi
575 1299 737 1385 modum,
762 1296 938 1392 suppositis
952 1297 1058 1369 tribus
1071 1296 1258 1391 lapidibus,
1273 1322 1316 1369 ne
1331 1312 1388 1368 ard.

424 1404 499 1476 deat
519 1404 656 1500 qualus,
675 1405 878 1489 includitur,
893 1409 930 1478 δι
954 1405 1073 1480 clauso‘
1085 1405 1187 1478 surno
1201 1406 1259 1478 ubi
1273 1406 1387 1479 disco·

424 1514 475 1586 sla
495 1511 580 1585 ficus
602 1514 725 1595 suerit,
743 1515 827 1589 ficut
840 1514 895 1585 'est
913 1514 1043 1599 calida,
1062 1516 1270 1611 interpositis
1287 1514 1388 1588 'foliis

424 1622 490 1696 suis
511 1622 548 1695 in
566 1647 627 1697 vas
650 1620 751 1693 lislile
772 1622 932 1695 conditur
955 1622 1041 1694 bene
1066 1616 1237 1718 picatum,
1256 1624 1389 1696 denfius

357 1750 362 1761 ·
424 1732 548 1827 pressa,
562 1734 601 1806 δι
614 1732 781 1828 operculo
801 1731 980 1827 diligenter
994 1730 1187 1804 obducitur.
1203 1731 1237 1802 si
1259 1730 1390 1825 pluviis

424 1843 671 1916 abundantibus
687 1860 794 1915 crates
809 1865 881 1913 non
892 1842 995 1934 poffis
1009 1839 1214 1934 expandere,
1226 1840 1284 1911 sub
1298 1842 1389 1913 teslo

425 1967 479 2024 eus¹
499 1951 544 2023 itu
564 1950 687 2048 ponis,
703 1969 740 2021 ut
755 1948 923 2041 semipede
936 1947 1108 2043 erigantur
1125 1967 1244 2020 aterrn
1253 2000 1265 2034 ,
1283 1951 1390 2021 &eas

425 2062 467 2133 ad
487 2062 599 2138 vicem
618 2059 717 2145 solis,
732 2056 817 2131 einis
840 2055 1015 2153 [calidus]
1039 2055 1207 2150 ⁴subjeslus
1222 2075 1389 2152 vaporet,

426 2176 465 2246 &
486 2169 625 2243 subinde
638 2169 740 2257 sicus,
757 2168 839 2240 sicut
852 2166 899 2239 est
914 2165 1041 2255 divisa,
1059 2188 1234 2254 vertatur,
1251 2189 1287 2239 ut
1301 2166 1389 2239 fico·

425 2290 502 2352 rum
531 2279 623 2353 coria
642 2279 832 2363 siccentur,
855 2281 893 2350 &
912 2276 1025 2373 pulpae
1045 2296 1129 2352 tunc
1152 2278 1328 2375 duplicatae
1352 2278 1404 2350 in’

426 2390 559 2469 cistellis
576 2390 774 2476 serventur,
788 2406 844 2460 aut
863 2386 999 2486 loculis,
1016 2388 1085 2459 Alii
1096 2408 1240 2461 maturas
1255 2386 1390 2459 medio·

426 2498 632 2575 criterdcus
654 2501 692 2573 &
715 2496 839 2570 divisas
863 2495 900 2567 in
920 2496 1067 2571 cratibus
1089 2497 1285 2594 expandunt
1311 2515 1390 2569 toto

426 2609 497 2682 sole
517 2610 710 2699 siccandas,
725 2612 763 2683 δι
780 2604 949 2702 recipiunt
972 2604 1073 2704 [eas]
1098 2608 1197 2679 nosle
1212 2606 1273 2679 sub
1292 2606 1389 2679 tesia.

426 2720 529 2792 Nunc
553 2718 699 2793 ficulnea
722 2716 896 2792 cacumina
921 2717 1116 2788 obruuntur
1137 2717 1284 2805 utiliter,
1309 2738 1389 2787 cum

425 2828 636 2914 tumescunt,
650 2850 695 2900 ut
709 2828 838 2923 plantas
853 2824 1001 2914 faciant,
1019 2826 1041 2896 st
1062 2849 1176 2898 earum
1194 2824 1294 2921 copia
1314 2846 1388 2894 non

426 2935 588 3007 abundat.
615 2938 664 3007 Ut
682 2934 781 3007 etiam
805 2933 919 3007 varios
944 2930 1070 3006 fruslus
1093 2959 1160 3006 una
1184 2932 1266 3010 ficus
1290 2930 1389 3004 exhi·

428 3044 525 3132 beat,
540 3067 652 3115 ramos
672 3043 760 3118 duos
781 3042 884 3140 nigrae
907 3043 944 3117 δι
964 3044 1048 3116 albae
1070 3046 1232 3118 arborum
1255 3042 1390 3117 inter‘se

427 3152 477 3250 ita
494 3150 636 3227 vinculo
651 3149 780 3247 slringis
801 3176 840 3224 ac
858 3150 1017 3247 torques,
1032 3170 1069 3224 ut
1088 3154 1239 3250 germina
1251 3154 1391 3226 miscere

427 3276 606 3354 cogantur.
639 3257 684 3331 src
709 3257 824 3330 'obruti
847 3261 884 3332 &
904 3260 1103 3349 stercorati,
1128 3263 1165 3335 ὅ(
1189 3262 1389 3335 humoribus

425 3367 506 3462 iuti,
520 3368 577 3440 ubi
592 3367 730 3464 prodire
750 3369 939 3464 coeperint,
956 3369 1179 3467 germinantes
1195 3370 1315 3444 oculos
1326 3369 1389 3440 ali-

424 3493 491 3574 que
504 3476 575 3549 ‘srbi
595 3477 793 3555 annexione
815 3476 1024 3573 conglutinat.
1048 3495 1129 3551 tunc
1145 3502 1281 3575 germen
1303 3478 1388 3549 adu·

423 3608 539 3659 natum
561 3580 723 3681 parturiet
746 3589 834 3659 duos
849 3585 983 3660 colores
998 3575 1119 3683 ,quos
1141 3588 1270 3662 unitate
1297 3585 1388 3662 divi·

424 3698 499 3787 dat,
513 3693 684 3768 divisione
698 3696 894 3794 conjungat.
914 3693 1018 3767 Nunc
1032 3700 1070 3770 δι
1084 3697 1177 3792 pirus
1201 3699 1258 3771 vel
1282 3697 1389 3770 malus

425 3803 521 3877 inseri
534 3823 577 3877 'ac
590 3801 651 3876 seri
673 3806 804 3901 potest,
821 3809 857 3879 δι
880 3803 1053 3902 cydonia,
1068 3809 1249 3903 &prunus
1271 3804 1388 3877 inseri·

425 3933 500 4003 tur,
520 3918 557 3989 ἃ
579 3914 677 3988 sorba
700 3934 899 4012 ponuntur,
922 3915 959 3986 δι
977 3937 1114 4002 morus,
1137 3938 1235 3985 nono
1255 3911 1387 3985 Kalen·
1411 3997 1415 4004 ¹

424 4027 540 4100 darum
556 4027 725 4123 Aprilium
739 4027 809 4116 die,
825 4030 863 4102 δι
877 4026 1067 4099 inseruntur
1078 4024 1233 4122 pistacia,
1248 4024 1287 4095 δι
1301 4020 1386 4095 locis
1466 4107 1470 4111 .

425 4132 552 4226 stigidis
576 4134 648 4228 pini
667 4133 777 4206 semen
797 4137 989 4233 aspergitur.

472 4244 534 4313 XI.
556 4244 634 4314 Hoc
651 4244 1002 4343 mensecompatandi
1017 4242 1093 4317 sunt
1107 4244 1236 4329 boves,
1252 4237 1310 4336 qui
1331 4256 1385 4313 ta·
1416 4283 1418 4289 ·

425 4377 525 4445 tuen,
539 4349 611 4427 five
623 4351 665 4426 de
676 4352 799 4428 uostris
811 4358 984 4457 capiamur
998 4351 1174 4443 armentis,
1189 4350 1259 4429 five
1272 4372 1396 4432 emane-
