3875 5759
598 909 729 981 runs
757 862 970 980 versatu.
995 906 1094 979 siun
1121 909 1309 982 uutou.
1370 931 1434 1010 353

480 1073 622 1170 ungulas
645 1071 681 1144 in
695 1071 847 1144 cruribus
867 1071 931 1157 est,
949 1071 990 1142 ad
1006 1070 1154 1142 triduum
1170 1072 1240 1144 triti
1264 1072 1337 1145 salis
1362 1099 1440 1170 per·

481 1184 660 1257 fricatione
680 1181 862 1254 discutitur.
877 1175 1022 1268 Quodst
1037 1194 1163 1248 tanturn
1182 1177 1216 1248 in
1239 1206 1366 1278 ungues
1383 1183 1442 1254 de·

481 1291 669 1378 scenderit‚
689 1289 828 1392 cultello
849 1285 968 1358 leniter
993 1285 1183 1358 interduas
1207 1298 1336 1386 ungues
1361 1314 1442 1384 ape·

483 1403 569 1488 ries,
583 1404 621 1476 &
645 1398 819 1474 mundabis
835 1397 995 1483 deintus,
1017 1397 1053 1468 δι
1077 1395 1191 1489 postea
1210 1396 1358 1493 stuppam
1380 1399 1443 1472 sale

482 1531 583 1608 atque
607 1531 705 1584 aceto
731 1508 871 1581 infusam
892 1505 1077 1601 applicabis
1103 1507 1145 1578 ad
1173 1506 1306 1596 solum,
1336 1507 1448 1606 sparta

483 1646 589 1716 opere
610 1621 795 1708 calceatur,
810 1617 955 1689 maxime
976 1640 1053 1712 quae
1078 1616 1176 1687 datur
1196 1618 1443 1716 operantibus,

483 1733 522 1806 &
536 1732 700 1825 inaquam
718 1755 789 1802 non
802 1729 912 1800 mittat
927 1725 1045 1821 pedem
1059 1778 1071 1811 ,
1085 1724 1138 1797 sed
1148 1779 1159 1813 ,
1170 1724 1228 1797 ubi
1240 1728 1362 1800 siccum
1376 1728 1444 1819 est,

446 1825 454 1844 ³
482 1840 640 1912 ambulet.
672 1841 744 1931 Qui
769 1838 899 1935 sanguis
930 1832 989 1903 nist
1011 1832 1142 1905 emissus
1175 1831 1300 1919 suerit,
1320 1836 1445 1910 saniem

483 1949 619 2022 creabit.
636 1951 721 2040 Quo
745 1944 940 2041 suppuratio
955 1941 1055 2011 etiam
1071 1939 1252 2012 curabitur.
1273 1945 1361 2013 Nam
1377 1942 1460 2036 pti·¹
1559 2005 1562 2011 .

484 2085 545 2132 mo
566 2059 657 2130 serto
677 2053 893 2129 circumcisus
911 2067 1114 2147 expurgatur
1129 2050 1171 2121 ad
1192 2049 1320 2123 virum.
1336 2051 1447 2124 Dein·

485 2170 527 2239 de
548 2167 667 2262 pannis
690 2181 789 2234 aceto
809 2162 847 2234 &
866 2158 947 2230 oleo
965 2160 1004 2231 δι
1026 2156 1091 2230 sale
1105 2156 1299 2232 -madesaslis
1321 2160 1446 2256 imple.-

486 2292 562 2364 tur,
578 2295 663 2343 mox
673 2270 819 2366 axungia
839 2267 948 2339 veteri
959 2266 1007 2341 ’δι
1021 2267 1102 2361 sepo
1119 2267 1255 2340 hircino
1274 2271 1344 2367 pari
1360 2296 1449 2366 pon·

448 2405 450 2407 ·
487 2386 565 2455 dere
579 2382 670 2453 serto
683 2380 837 2454 candenti
849 2378 1051 2476 ¹stillantibus
1062 2390 1223 2468 curatur,
1238 2382 1275 2453 &
1291 2382 1447 2477 perduci·

486 2512 544 2566 tur
564 2494 612 2565 ad·
628 2490 808 2562 sanitatem.
828 2490 862 2561 Si
883 2488 1015 2587 sanguis
1030 2487 1066 2559 in
1088 2490 1243 2563 interiori
1267 2516 1360 2586 parte
1381 2519 1448 2566 un·

486 2601 573 2698 gulae
591 2600 659 2688 est,
672 2625 734 2672 nec
756 2618 944 2694 aperturam
966 2595 1064 2682 facit,
1081 2600 1117 2671 δι
1139 2616 1267 2680 tantum
1283 2604 1450 2678 claudicat

488 2710 636 2793 animal,
658 2727 807 2779 extrema
827 2706 928 2801 ipsius
948 2704 1084 2799 ungulae
1100 2704 1144 2776 ad
1160 2707 1280 2779 rivum
1295 2710 1450 2787 resecan-

489 2838 565 2903 tur,
585 2820 621 2887 &
639 2814 684 2885 ira
702 2812 907 2899 remittitur,
926 2835 965 2884 ac
987 2810 1104 2908 stuppa
1123 2814 1180 2885 vel
1201 2814 1349 2889 linteolis
1368 2842 1449 2891 cum

490 2927 553 3000 sale
568 2927 604 2998 δι
624 2925 704 2996 oleo
726 2944 823 2997 aceto
835 2921 950 2996 infusis
967 2947 1025 3017 pes
1040 2918 1220 2998 involutus
1234 2924 1360 3021 spartea
1375 2954 1456 3000 mu·

491 3036 594 3109 nitur.
612 3031 758 3105 Mediam
776 3055 864 3104 vero
876 3031 1036 3127 ungulam
1049 3029 1092 3103 ab
1106 3030 1259 3106 inseriori
1272 3054 1365 3130 parte
1380 3059 1454 3109 non

492 3140 630 3237 expedit
648 3138 790 3235 aperiri,
805 3136 864 3209 nist
880 3163 922 3212 eo
938 3138 1040 3227 loco,
1055 3138 1090 3210 in
1104 3164 1174 3236 quo
1194 3140 1390 3237 suppuratio
1404 3142 1454 3216 sa·

494 3250 545 3323 sla
566 3246 622 3319 est.
642 3246 676 3317 Si
696 3246 922 3320 claudicatex
943 3245 1065 3318 dolore
1087 3272 1297 3338 nervorum,
1313 3251 1393 3323 oleo
1415 3255 1456 3328 &

495 3360 561 3432 sale
585 3383 692 3454 genua
714 3355 926 3453 poplitesque
950 3356 989 3427 &
1013 3380 1111 3428 crura
1135 3356 1356 3431 confricanda
1379 3359 1456 3433 sunt
1545 3380 1548 3386 ’

496 3466 607 3539 calido
620 3483 740 3549 aceto,
754 3467 791 3535 &
805 3461 865 3533 lini
885 3460 994 3532 semen
1007 3481 1065 3533 attt
1078 3463 1210 3535 milium
1227 3466 1385 3538 detritum
1401 3468 1457 3538 itt·
1485 3511 1494 3528 .

495 3575 674 3670 susumque
691 3596 777 3666 aqua
794 3567 899 3641 mulsa
919 3568 1165 3661 imponendum
1180 3573 1226 3645 est
1239 3577 1303 3657 ,δι
1318 3574 1457 3674 spongia

498 3705 639 3779 quoque
660 3677 805 3750 ferventi
823 3702 908 3773 aqua
929 3674 1037 3749 infusa
1058 3680 1279 3777 &expressa‚
1294 3686 1457 3779 consper-

499 3795 599 3888 saque
623 3788 838 3884 postmodum
867 3785 986 3872 melle,
1007 3787 1149 3883 genibus
1173 3792 1401 3865 circumdatur
1420 3817 1459 3869 ac

498 3902 609 3992 sasciis
627 3900 792 3995 alligatur.
816 3897 965 3990 Quodsi
986 3898 1110 3969 humor
1135 3899 1183 3973 est
1202 3923 1277 3973 cum
1297 3919 1460 3994 tumore,

502 4013 705 4085 fermentum
727 4007 784 4079 vel
796 4004 901 4079 farina
922 4008 1108 4082 hordeacea
1125 4034 1167 4081 ex
1189 4010 1280 4106 passo
1299 4032 1355 4083 aut
1373 4038 1459 4109 aqua
1566 4067 1568 4078 ,

504 4120 610 4195 mulsa
621 4120 751 4191 incosla
762 4110 970 4213 imponitur,
980 4122 1016 4193 ὅ(
1025 4143 1101 4191 cum
1114 4122 1330 4192 maturaverit
1338 4120 1462 4216 suppu-

488 4234 608 4316 tatio,
625 4231 783 4302 scinditur
797 4229 906 4318 ferro,
920 4229 1096 4324 emissaque
1109 4230 1196 4304 sanie
1209 4231 1270 4328 (ut
1289 4231 1384 4325 supra
1398 4235 1462 4305 do-

504 4337 661 4435 cuimus)
692 4358 895 4434 percuratur.
924 4338 1038 4421 Potest
1066 4339 1164 4414 etiam
1188 4339 1284 4412 radix
1312 4341 1375 4416 lilii
1405 4342 1461 4421 vel

576 4453 705 4543 Scriptr.
722 4452 765 4519 R.
784 4450 829 4523 R.
846 4453 922 4522 Vol.
934 4449 1003 4523 III.
1289 4448 1317 4520 Z
