<?xml version="1.0" encoding="UTF-8"?>
<!DOCTYPE html PUBLIC "-//W3C//DTD XHTML 1.0 Transitional//EN"
    "http://www.w3.org/TR/xhtml1/DTD/xhtml1-transitional.dtd">
<html xmlns="http://www.w3.org/1999/xhtml" xml:lang="en" lang="en">
 <head>
  <title>
</title>
<meta http-equiv="Content-Type" content="text/html;charset=utf-8" />
  <meta name='ocr-system' content='tesseract 3.04.00' />
  <meta name='ocr-capabilities' content='ocr_page ocr_carea ocr_par ocr_line ocrx_word'/>
</head>
<body>
  <div class='ocr_page' id='page_1' title='image "./scriptoresreiru00gesngoog_0285.png"; bbox 0 0 3875 5759; ppageno 0'>
   <div class='ocr_carea' id='block_1_1' title="bbox 499 835 1469 1001">
    <p class='ocr_par' dir='ltr' id='par_1_1' title="bbox 499 835 1469 1001">
     <span class='ocr_line' id='line_1_1' title="bbox 499 835 1469 1001; baseline 0.008 -37"><span class='ocrx_word' id='word_1_1' title='bbox 499 835 503 843; x_wconf 37' lang='lat'><strong>¹</strong></span> <span class='ocrx_word' id='word_1_2' title='bbox 599 893 729 966; x_wconf 75' lang='lat' dir='ltr'>suris</span> <span class='ocrx_word' id='word_1_3' title='bbox 755 891 969 979; x_wconf 71' lang='lat' dir='ltr'>urrunnu</span> <span class='ocrx_word' id='word_1_4' title='bbox 994 895 1094 966; x_wconf 73' lang='lat' dir='ltr'>sive</span> <span class='ocrx_word' id='word_1_5' title='bbox 1109 896 1312 1001; x_wconf 75' lang='lat' dir='ltr'>numu.</span> <span class='ocrx_word' id='word_1_6' title='bbox 1372 890 1469 998; x_wconf 69' lang='lat'>283·</span> 
     </span>
    </p>
   </div>
   <div class='ocr_carea' id='block_1_2' title="bbox 482 1036 1588 1157">
    <p class='ocr_par' dir='ltr' id='par_1_2' title="bbox 482 1036 1588 1157">
     <span class='ocr_line' id='line_1_2' title="bbox 482 1036 1588 1157; baseline 0.005 -25"><span class='ocrx_word' id='word_1_7' title='bbox 482 1055 607 1132; x_wconf 85' lang='lat' dir='ltr'>militer</span> <span class='ocrx_word' id='word_1_8' title='bbox 625 1057 725 1131; x_wconf 90' lang='lat' dir='ltr'>debet</span> <span class='ocrx_word' id='word_1_9' title='bbox 739 1083 898 1156; x_wconf 79' lang='lat' dir='ltr'>accipere</span> <span class='ocrx_word' id='word_1_10' title='bbox 914 1058 1075 1151; x_wconf 84' lang='lat' dir='ltr'>Quorum</span> <span class='ocrx_word' id='word_1_11' title='bbox 1093 1056 1118 1129; x_wconf 89' lang='lat' dir='ltr'>li</span> <span class='ocrx_word' id='word_1_12' title='bbox 1138 1083 1210 1131; x_wconf 90' lang='lat' dir='ltr'>non</span> <span class='ocrx_word' id='word_1_13' title='bbox 1226 1059 1371 1157; x_wconf 81' lang='lat' dir='ltr'>suppetrt</span> <span class='ocrx_word' id='word_1_14' title='bbox 1383 1087 1450 1136; x_wconf 92' lang='lat' dir='ltr'>co</span> <span class='ocrx_word' id='word_1_15' title='bbox 1532 1068 1535 1073; x_wconf 79' lang='grc'>’</span> <span class='ocrx_word' id='word_1_16' title='bbox 1585 1036 1588 1045; x_wconf 34' lang='lat'><strong>¹</strong></span> 
     </span>
    </p>
   </div>
   <div class='ocr_carea' id='block_1_3' title="bbox 484 1165 1508 1274">
    <p class='ocr_par' dir='ltr' id='par_1_3' title="bbox 484 1165 1508 1274">
     <span class='ocr_line' id='line_1_3' title="bbox 484 1165 1508 1274; baseline 0.007 -36"><span class='ocrx_word' id='word_1_17' title='bbox 484 1167 560 1265; x_wconf 89' lang='lat' dir='ltr'>pia,</span> <span class='ocrx_word' id='word_1_18' title='bbox 583 1165 706 1240; x_wconf 86' lang='lat' dir='ltr'>vinum</span> <span class='ocrx_word' id='word_1_19' title='bbox 725 1166 944 1266; x_wconf 85' lang='lat' dir='ltr'>simpliciter</span> <span class='ocrx_word' id='word_1_20' title='bbox 941 1166 1110 1243; x_wconf 87' lang='lat' dir='ltr'>convenit</span> <span class='ocrx_word' id='word_1_21' title='bbox 1132 1169 1287 1265; x_wconf 81' lang='lat' dir='ltr'>praebeti</span> <span class='ocrx_word' id='word_1_22' title='bbox 1294 1194 1373 1244; x_wconf 88' lang='lat' dir='ltr'>cum</span> <span class='ocrx_word' id='word_1_23' title='bbox 1387 1194 1450 1274; x_wconf 37' lang='lat' dir='ltr'>‚ce-</span> <span class='ocrx_word' id='word_1_24' title='bbox 1505 1176 1508 1184; x_wconf 85' lang='lat'>&#39;</span> 
     </span>
    </p>
   </div>
   <div class='ocr_carea' id='block_1_4' title="bbox 484 1277 1599 1388">
    <p class='ocr_par' dir='ltr' id='par_1_4' title="bbox 484 1277 1599 1388">
     <span class='ocr_line' id='line_1_4' title="bbox 484 1277 1599 1388; baseline 0.006 -38"><span class='ocrx_word' id='word_1_25' title='bbox 484 1277 573 1352; x_wconf 89' lang='lat' dir='ltr'>teris.</span> <span class='ocrx_word' id='word_1_26' title='bbox 599 1280 763 1354; x_wconf 86' lang='lat' dir='ltr'>Praeterea</span> <span class='ocrx_word' id='word_1_27' title='bbox 778 1277 954 1388; x_wconf 88' lang='lat' dir='ltr'>ejusmodi</span> <span class='ocrx_word' id='word_1_28' title='bbox 988 1279 1113 1377; x_wconf 89' lang='lat' dir='ltr'>species</span> <span class='ocrx_word' id='word_1_29' title='bbox 1141 1296 1298 1377; x_wconf 88' lang='lat' dir='ltr'>tempore</span> <span class='ocrx_word' id='word_1_30' title='bbox 1329 1281 1450 1355; x_wconf 86' lang='lat' dir='ltr'>hiemis</span> <span class='ocrx_word' id='word_1_31' title='bbox 1494 1290 1530 1375; x_wconf 51' lang='grc' dir='ltr'>ᾗ</span> <span class='ocrx_word' id='word_1_32' title='bbox 1595 1356 1599 1363; x_wconf 79' lang='grc'>,</span> 
     </span>
    </p>
   </div>
   <div class='ocr_carea' id='block_1_5' title="bbox 460 1367 1456 2798">
    <p class='ocr_par' dir='ltr' id='par_1_5' title="bbox 484 1367 1454 1482">
     <span class='ocr_line' id='line_1_5' title="bbox 484 1367 1454 1482; baseline 0.001 -19"><span class='ocrx_word' id='word_1_33' title='bbox 484 1411 562 1463; x_wconf 90' lang='lat' dir='ltr'>cum</span> <span class='ocrx_word' id='word_1_34' title='bbox 581 1388 702 1463; x_wconf 88' lang='lat' dir='ltr'>hordei</span> <span class='ocrx_word' id='word_1_35' title='bbox 715 1367 843 1463; x_wconf 83' lang='lat' dir='ltr'>modiis</span> <span class='ocrx_word' id='word_1_36' title='bbox 851 1413 874 1482; x_wconf 84' lang='lat'>4</span> <span class='ocrx_word' id='word_1_37' title='bbox 889 1389 1029 1478; x_wconf 90' lang='lat' dir='ltr'>misces,</span> <span class='ocrx_word' id='word_1_38' title='bbox 1045 1387 1133 1463; x_wconf 85' lang='lat' dir='ltr'>sabae</span> <span class='ocrx_word' id='word_1_39' title='bbox 1153 1386 1316 1464; x_wconf 82' lang='lat' dir='ltr'>sextarios</span> <span class='ocrx_word' id='word_1_40' title='bbox 1337 1392 1379 1477; x_wconf 90' lang='lat'>8,</span> <span class='ocrx_word' id='word_1_41' title='bbox 1393 1392 1454 1466; x_wconf 88' lang='lat' dir='ltr'>tri</span> 
     </span>
    </p>

    <p class='ocr_par' dir='ltr' id='par_1_6' title="bbox 483 1498 1452 1600">
     <span class='ocr_line' id='line_1_6' title="bbox 483 1498 1452 1600; baseline 0 -28"><span class='ocrx_word' id='word_1_42' title='bbox 483 1498 543 1573; x_wconf 89' lang='lat' dir='ltr'>tici</span> <span class='ocrx_word' id='word_1_43' title='bbox 565 1499 826 1596; x_wconf 66' lang='grc' dir='ltr'>ἷειιῐειτίοε4,</span> <span class='ocrx_word' id='word_1_44' title='bbox 795 1501 914 1578; x_wconf 83' lang='lat' dir='ltr'>creeris</span> <span class='ocrx_word' id='word_1_45' title='bbox 933 1499 1131 1576; x_wconf 80' lang='lat' dir='ltr'>sextarios8</span> <span class='ocrx_word' id='word_1_46' title='bbox 1144 1499 1358 1600; x_wconf 81' lang='lat' dir='ltr'>s,oenigraeci</span> <span class='ocrx_word' id='word_1_47' title='bbox 1373 1501 1452 1573; x_wconf 70' lang='lat' dir='ltr'>sex-</span> 
     </span>
    </p>

    <p class='ocr_par' dir='ltr' id='par_1_7' title="bbox 482 1604 1454 1819">
     <span class='ocr_line' id='line_1_7' title="bbox 482 1604 1454 1707; baseline 0.003 -28"><span class='ocrx_word' id='word_1_48' title='bbox 482 1609 587 1682; x_wconf 77' lang='lat' dir='ltr'>turios</span> <span class='ocrx_word' id='word_1_49' title='bbox 609 1635 658 1702; x_wconf 89' lang='lat'>4,</span> <span class='ocrx_word' id='word_1_50' title='bbox 676 1609 751 1684; x_wconf 85' lang='lat' dir='ltr'>ervi</span> <span class='ocrx_word' id='word_1_51' title='bbox 765 1606 945 1685; x_wconf 84' lang='lat' dir='ltr'>sextarium</span> <span class='ocrx_word' id='word_1_52' title='bbox 972 1638 1005 1702; x_wconf 88' lang='lat' dir='ltr'>t,</span> <span class='ocrx_word' id='word_1_53' title='bbox 1019 1613 1057 1685; x_wconf 78' lang='grc' dir='ltr'>δι</span> <span class='ocrx_word' id='word_1_54' title='bbox 1080 1608 1104 1681; x_wconf 88' lang='lat' dir='ltr'>li</span> <span class='ocrx_word' id='word_1_55' title='bbox 1122 1609 1278 1682; x_wconf 88' lang='lat' dir='ltr'>meritum</span> <span class='ocrx_word' id='word_1_56' title='bbox 1294 1604 1454 1707; x_wconf 76' lang='lat' dir='ltr'>equi&#39;vel</span> 
     </span>
     <span class='ocr_line' id='line_1_8' title="bbox 482 1717 1453 1819; baseline 0.003 -29"><span class='ocrx_word' id='word_1_57' title='bbox 482 1717 624 1794; x_wconf 83' lang='lat' dir='ltr'>facultas</span> <span class='ocrx_word' id='word_1_58' title='bbox 640 1719 771 1793; x_wconf 93' lang='lat' dir='ltr'>domini</span> <span class='ocrx_word' id='word_1_59' title='bbox 794 1721 976 1819; x_wconf 87' lang='lat' dir='ltr'>suppetit,</span> <span class='ocrx_word' id='word_1_60' title='bbox 974 1746 1056 1794; x_wconf 84' lang='lat' dir='ltr'>uvae</span> <span class='ocrx_word' id='word_1_61' title='bbox 1077 1719 1176 1816; x_wconf 84' lang='lat' dir='ltr'>pallae</span> <span class='ocrx_word' id='word_1_62' title='bbox 1192 1720 1230 1792; x_wconf 90' lang='lat'>&amp;</span> <span class='ocrx_word' id='word_1_63' title='bbox 1243 1720 1356 1793; x_wconf 89' lang='lat' dir='ltr'>nuclei</span> <span class='ocrx_word' id='word_1_64' title='bbox 1379 1719 1453 1793; x_wconf 84' lang='lat' dir='ltr'>sex·</span> 
     </span>
    </p>

    <p class='ocr_par' dir='ltr' id='par_1_8' title="bbox 460 1798 1456 2798">
     <span class='ocr_line' id='line_1_9' title="bbox 482 1798 1451 1930; baseline 0.002 -31"><span class='ocrx_word' id='word_1_65' title='bbox 482 1827 587 1902; x_wconf 84' lang='lat' dir='ltr'>tarios</span> <span class='ocrx_word' id='word_1_66' title='bbox 600 1828 758 1930; x_wconf 77' lang='lat' dir='ltr'>singulos.</span> <span class='ocrx_word' id='word_1_67' title='bbox 772 1856 851 1928; x_wconf 86' lang='lat' dir='ltr'>quae</span> <span class='ocrx_word' id='word_1_68' title='bbox 865 1829 984 1902; x_wconf 90' lang='lat' dir='ltr'>omnia</span> <span class='ocrx_word' id='word_1_69' title='bbox 1004 1798 1157 1901; x_wconf 83' lang='lat' dir='ltr'>sollerter</span> <span class='ocrx_word' id='word_1_70' title='bbox 1172 1825 1358 1899; x_wconf 86' lang='lat' dir='ltr'>commixta</span> <span class='ocrx_word' id='word_1_71' title='bbox 1373 1853 1451 1901; x_wconf 92' lang='lat' dir='ltr'>cum</span> 
     </span>
     <span class='ocr_line' id='line_1_10' title="bbox 482 1930 1453 2031; baseline 0.001 -24"><span class='ocrx_word' id='word_1_72' title='bbox 482 1935 630 2030; x_wconf 88' lang='lat' dir='ltr'>fuerint,</span> <span class='ocrx_word' id='word_1_73' title='bbox 646 1965 752 2012; x_wconf 90' lang='lat' dir='ltr'>unum</span> <span class='ocrx_word' id='word_1_74' title='bbox 774 1935 960 2013; x_wconf 86' lang='lat' dir='ltr'>modium</span> <span class='ocrx_word' id='word_1_75' title='bbox 951 1960 987 2004; x_wconf 91' lang='grc' dir='ltr'>ιιι</span> <span class='ocrx_word' id='word_1_76' title='bbox 1010 1959 1096 2031; x_wconf 84' lang='lat' dir='ltr'>aqua</span> <span class='ocrx_word' id='word_1_77' title='bbox 1112 1930 1325 2006; x_wconf 86' lang='lat' dir='ltr'>mundiffima</span> <span class='ocrx_word' id='word_1_78' title='bbox 1343 1935 1453 2031; x_wconf 85' lang='lat' dir='ltr'>pridie</span> 
     </span>
     <span class='ocr_line' id='line_1_11' title="bbox 483 1993 1455 2143; baseline 0.002 -25"><span class='ocrx_word' id='word_1_79' title='bbox 483 2048 584 2119; x_wconf 85' lang='lat' dir='ltr'>debes</span> <span class='ocrx_word' id='word_1_80' title='bbox 598 1993 805 2140; x_wconf 82' lang='lat' dir='ltr'>irisundere,</span> <span class='ocrx_word' id='word_1_81' title='bbox 810 2049 847 2119; x_wconf 91' lang='lat'>&amp;</span> <span class='ocrx_word' id='word_1_82' title='bbox 864 2042 1040 2139; x_wconf 90' lang='lat' dir='ltr'>paululum</span> <span class='ocrx_word' id='word_1_83' title='bbox 1055 2069 1153 2116; x_wconf 87' lang='lat' dir='ltr'>mane</span> <span class='ocrx_word' id='word_1_84' title='bbox 1164 2043 1312 2139; x_wconf 76' lang='lat' dir='ltr'>¹siccare,</span> <span class='ocrx_word' id='word_1_85' title='bbox 1326 2070 1367 2118; x_wconf 87' lang='lat' dir='ltr'>ex</span> <span class='ocrx_word' id='word_1_86' title='bbox 1381 2071 1455 2143; x_wconf 91' lang='lat' dir='ltr'>quo</span> 
     </span>
     <span class='ocr_line' id='line_1_12' title="bbox 483 2148 1455 2251; baseline 0.003 -24"><span class='ocrx_word' id='word_1_87' title='bbox 483 2169 576 2251; x_wconf 88' lang='lat' dir='ltr'>e&#39;quo</span> <span class='ocrx_word' id='word_1_88' title='bbox 597 2155 834 2227; x_wconf 87' lang='lat' dir='ltr'>semimodium</span> <span class='ocrx_word' id='word_1_89' title='bbox 852 2174 928 2227; x_wconf 88' lang='lat' dir='ltr'>ante</span> <span class='ocrx_word' id='word_1_90' title='bbox 949 2148 1124 2251; x_wconf 89' lang='lat' dir='ltr'>prandium</span> <span class='ocrx_word' id='word_1_91' title='bbox 1139 2209 1150 2244; x_wconf 95' lang='lat'>,</span> <span class='ocrx_word' id='word_1_92' title='bbox 1164 2156 1202 2228; x_wconf 90' lang='lat'>&amp;</span> <span class='ocrx_word' id='word_1_93' title='bbox 1216 2155 1455 2231; x_wconf 87' lang='lat' dir='ltr'>semimodium</span> 
     </span>
     <span class='ocr_line' id='line_1_13' title="bbox 485 2262 1455 2364; baseline 0.007 -32"><span class='ocrx_word' id='word_1_94' title='bbox 485 2264 526 2333; x_wconf 90' lang='lat' dir='ltr'>ad</span> <span class='ocrx_word' id='word_1_95' title='bbox 544 2263 715 2359; x_wconf 85' lang='lat' dir='ltr'>vesperam</span> <span class='ocrx_word' id='word_1_96' title='bbox 736 2262 826 2336; x_wconf 90' lang='lat' dir='ltr'>dabis</span> <span class='ocrx_word' id='word_1_97' title='bbox 846 2288 907 2359; x_wconf 92' lang='lat' dir='ltr'>per</span> <span class='ocrx_word' id='word_1_98' title='bbox 927 2262 1096 2361; x_wconf 89' lang='lat' dir='ltr'>plurimos</span> <span class='ocrx_word' id='word_1_99' title='bbox 1114 2262 1185 2336; x_wconf 93' lang='lat' dir='ltr'>dies</span> <span class='ocrx_word' id='word_1_100' title='bbox 1199 2263 1235 2337; x_wconf 91' lang='lat' dir='ltr'>in</span> <span class='ocrx_word' id='word_1_101' title='bbox 1254 2263 1337 2341; x_wconf 90' lang='lat' dir='ltr'>loco</span> <span class='ocrx_word' id='word_1_102' title='bbox 1358 2265 1455 2364; x_wconf 90' lang='lat' dir='ltr'>opti·</span> 
     </span>
     <span class='ocr_line' id='line_1_14' title="bbox 460 2371 1455 2471; baseline 0.01 -29"><span class='ocrx_word' id='word_1_103' title='bbox 460 2406 466 2418; x_wconf 94' lang='lat'>·</span> <span class='ocrx_word' id='word_1_104' title='bbox 485 2397 556 2445; x_wconf 91' lang='lat' dir='ltr'>mo.</span> <span class='ocrx_word' id='word_1_105' title='bbox 578 2371 703 2471; x_wconf 86' lang='lat' dir='ltr'>viginti</span> <span class='ocrx_word' id='word_1_106' title='bbox 725 2385 797 2446; x_wconf 89' lang='lat' dir='ltr'>uno</span> <span class='ocrx_word' id='word_1_107' title='bbox 817 2373 872 2448; x_wconf 89' lang='lat' dir='ltr'>die</span> <span class='ocrx_word' id='word_1_108' title='bbox 897 2374 943 2447; x_wconf 90' lang='lat' dir='ltr'>ita</span> <span class='ocrx_word' id='word_1_109' title='bbox 966 2375 1173 2468; x_wconf 88' lang='lat' dir='ltr'>stabuletur,</span> <span class='ocrx_word' id='word_1_110' title='bbox 1192 2394 1231 2450; x_wconf 93' lang='lat' dir='ltr'>ut</span> <span class='ocrx_word' id='word_1_111' title='bbox 1254 2376 1455 2453; x_wconf 88' lang='lat' dir='ltr'>intrinsecus</span> 
     </span>
     <span class='ocr_line' id='line_1_15' title="bbox 483 2482 1455 2583; baseline 0.005 -28"><span class='ocrx_word' id='word_1_112' title='bbox 483 2482 588 2558; x_wconf 88' lang='lat' dir='ltr'>bibat.</span> <span class='ocrx_word' id='word_1_113' title='bbox 608 2482 758 2578; x_wconf 79' lang='lat' dir='ltr'>Quodsi</span> <span class='ocrx_word' id='word_1_114' title='bbox 778 2484 865 2558; x_wconf 90' lang='lat' dir='ltr'>ultra</span> <span class='ocrx_word' id='word_1_115' title='bbox 885 2486 1026 2559; x_wconf 91' lang='lat' dir='ltr'>modum</span> <span class='ocrx_word' id='word_1_116' title='bbox 1041 2484 1150 2583; x_wconf 92' lang='lat' dir='ltr'>sagina</span> <span class='ocrx_word' id='word_1_117' title='bbox 1172 2487 1397 2579; x_wconf 87' lang='lat' dir='ltr'>provenerit,</span> <span class='ocrx_word' id='word_1_118' title='bbox 1410 2506 1455 2560; x_wconf 80' lang='lat' dir='ltr'>ne</span> 
     </span>
     <span class='ocr_line' id='line_1_16' title="bbox 483 2591 1456 2689; baseline -0.005 -25"><span class='ocrx_word' id='word_1_119' title='bbox 483 2592 616 2687; x_wconf 85' lang='lat' dir='ltr'>pletura</span> <span class='ocrx_word' id='word_1_120' title='bbox 641 2611 789 2683; x_wconf 64' lang='lat' dir='ltr'>noceat,</span> <span class='ocrx_word' id='word_1_121' title='bbox 807 2592 1008 2665; x_wconf 87' lang='lat' dir='ltr'>auferendus</span> <span class='ocrx_word' id='word_1_122' title='bbox 1026 2592 1073 2664; x_wconf 92' lang='lat' dir='ltr'>est</span> <span class='ocrx_word' id='word_1_123' title='bbox 1088 2591 1233 2689; x_wconf 69' lang='lat' dir='ltr'>,sanguis</span> <span class='ocrx_word' id='word_1_124' title='bbox 1258 2617 1277 2662; x_wconf 89' lang='lat' dir='ltr'>a</span> <span class='ocrx_word' id='word_1_125' title='bbox 1304 2593 1456 2666; x_wconf 67' lang='lat' dir='ltr'>matrices</span> 
     </span>
     <span class='ocr_line' id='line_1_17' title="bbox 483 2696 1456 2798; baseline 0 -25"><span class='ocrx_word' id='word_1_126' title='bbox 483 2701 649 2774; x_wconf 78' lang='lat' dir='ltr'>Praeterea</span> <span class='ocrx_word' id='word_1_127' title='bbox 667 2700 855 2798; x_wconf 87' lang='lat' dir='ltr'>graminum</span> <span class='ocrx_word' id='word_1_128' title='bbox 868 2699 1019 2785; x_wconf 87' lang='lat' dir='ltr'>radices,</span> <span class='ocrx_word' id='word_1_129' title='bbox 1033 2722 1116 2793; x_wconf 89' lang='lat' dir='ltr'>quas</span> <span class='ocrx_word' id='word_1_130' title='bbox 1132 2716 1280 2769; x_wconf 86' lang='lat' dir='ltr'>aratrum</span> <span class='ocrx_word' id='word_1_131' title='bbox 1291 2696 1456 2797; x_wconf 88' lang='lat' dir='ltr'>frequen·</span> 
     </span>
    </p>
   </div>
   <div class='ocr_carea' id='block_1_6' title="bbox 485 2789 1612 2904">
    <p class='ocr_par' dir='ltr' id='par_1_9' title="bbox 485 2789 1612 2904">
     <span class='ocr_line' id='line_1_18' title="bbox 485 2789 1612 2904; baseline -0.005 -21"><span class='ocrx_word' id='word_1_132' title='bbox 485 2829 537 2883; x_wconf 75' lang='lat' dir='ltr'>ter</span> <span class='ocrx_word' id='word_1_133' title='bbox 556 2810 696 2896; x_wconf 70' lang='lat' dir='ltr'>everrit,</span> <span class='ocrx_word' id='word_1_134' title='bbox 718 2807 861 2880; x_wconf 73' lang='lat' dir='ltr'>studiose</span> <span class='ocrx_word' id='word_1_135' title='bbox 875 2807 1021 2904; x_wconf 72' lang='lat' dir='ltr'>corrige,</span> <span class='ocrx_word' id='word_1_136' title='bbox 1036 2809 1075 2880; x_wconf 67' lang='lat' dir='ltr'>sc</span> <span class='ocrx_word' id='word_1_137' title='bbox 1093 2806 1192 2904; x_wconf 73' lang='lat' dir='ltr'>quam</span> <span class='ocrx_word' id='word_1_138' title='bbox 1208 2804 1360 2903; x_wconf 72' lang='lat' dir='ltr'>potueris</span> <span class='ocrx_word' id='word_1_139' title='bbox 1372 2809 1456 2886; x_wconf 68' lang='lat' dir='ltr'>ton-r</span> <span class='ocrx_word' id='word_1_140' title='bbox 1564 2858 1566 2863; x_wconf 89' lang='lat'>.</span> <span class='ocrx_word' id='word_1_141' title='bbox 1609 2789 1612 2801; x_wconf 68' lang='lat'>²</span> 
     </span>
    </p>
   </div>
   <div class='ocr_carea' id='block_1_7' title="bbox 486 2914 1540 3563">
    <p class='ocr_par' dir='ltr' id='par_1_10' title="bbox 486 2914 1540 3563">
     <span class='ocr_line' id='line_1_19' title="bbox 486 2914 1540 3015; baseline 0.002 -27"><span class='ocrx_word' id='word_1_142' title='bbox 486 2941 542 3014; x_wconf 89' lang='lat' dir='ltr'>gas</span> <span class='ocrx_word' id='word_1_143' title='bbox 562 2915 753 3009; x_wconf 86' lang='lat' dir='ltr'>minutatim</span> <span class='ocrx_word' id='word_1_144' title='bbox 774 2914 917 3015; x_wconf 86' lang='lat' dir='ltr'>concide</span> <span class='ocrx_word' id='word_1_145' title='bbox 931 2915 1160 3010; x_wconf 88' lang='lat' dir='ltr'>,hordeoque</span> <span class='ocrx_word' id='word_1_146' title='bbox 1188 2914 1393 3005; x_wconf 88' lang='lat' dir='ltr'>commisce,</span> <span class='ocrx_word' id='word_1_147' title='bbox 1414 2918 1456 2990; x_wconf 81' lang='grc' dir='ltr'>δι</span> <span class='ocrx_word' id='word_1_148' title='bbox 1538 2967 1540 2970; x_wconf 77' lang='lat'>.</span> 
     </span>
     <span class='ocr_line' id='line_1_20' title="bbox 486 3002 1457 3147; baseline 0.008 -51"><span class='ocrx_word' id='word_1_149' title='bbox 486 3002 642 3121; x_wconf 85' lang='lat' dir='ltr'>quotidie</span> <span class='ocrx_word' id='word_1_150' title='bbox 662 3024 812 3120; x_wconf 76' lang='lat' dir='ltr'>prebere</span> <span class='ocrx_word' id='word_1_151' title='bbox 827 3048 898 3101; x_wconf 90' lang='lat' dir='ltr'>non</span> <span class='ocrx_word' id='word_1_152' title='bbox 920 3023 1063 3098; x_wconf 85' lang='lat' dir='ltr'>dubites.</span> <span class='ocrx_word' id='word_1_153' title='bbox 1080 3023 1206 3124; x_wconf 69' lang='lat' dir='ltr'>ffillate</span> <span class='ocrx_word' id='word_1_154' title='bbox 1227 3048 1339 3147; x_wconf 85' lang='lat' dir='ltr'>vero,</span> <span class='ocrx_word' id='word_1_155' title='bbox 1354 3043 1457 3104; x_wconf 65' lang='lat' dir='ltr'>exces&#39;</span> 
     </span>
     <span class='ocr_line' id='line_1_21' title="bbox 487 3106 1456 3232; baseline 0.004 -26"><span class='ocrx_word' id='word_1_156' title='bbox 487 3154 550 3232; x_wconf 90' lang='lat' dir='ltr'>pto</span> <span class='ocrx_word' id='word_1_157' title='bbox 566 3157 677 3224; x_wconf 89' lang='lat' dir='ltr'>ervo,</span> <span class='ocrx_word' id='word_1_158' title='bbox 702 3133 827 3230; x_wconf 88' lang='lat' dir='ltr'>species</span> <span class='ocrx_word' id='word_1_159' title='bbox 841 3133 926 3223; x_wconf 82' lang='lat' dir='ltr'>illae,</span> <span class='ocrx_word' id='word_1_160' title='bbox 940 3159 1023 3232; x_wconf 89' lang='lat' dir='ltr'>quas</span> <span class='ocrx_word' id='word_1_161' title='bbox 1044 3135 1209 3226; x_wconf 85' lang='lat' dir='ltr'>diximus,</span> <span class='ocrx_word' id='word_1_162' title='bbox 1226 3159 1292 3231; x_wconf 88' lang='lat' dir='ltr'>pro</span> <span class='ocrx_word' id='word_1_163' title='bbox 1279 3106 1456 3210; x_wconf 63' lang='lat' dir='ltr'>aestimas</span> 
     </span>
     <span class='ocr_line' id='line_1_22' title="bbox 486 3242 1458 3342; baseline 0.002 -26"><span class='ocrx_word' id='word_1_164' title='bbox 486 3245 583 3317; x_wconf 92' lang='lat' dir='ltr'>tione</span> <span class='ocrx_word' id='word_1_165' title='bbox 605 3244 766 3318; x_wconf 87' lang='lat' dir='ltr'>mensurae</span> <span class='ocrx_word' id='word_1_166' title='bbox 788 3242 967 3340; x_wconf 84' lang='lat' dir='ltr'>farragines</span> <span class='ocrx_word' id='word_1_167' title='bbox 985 3244 1197 3322; x_wconf 90' lang='lat' dir='ltr'>adinvicem</span> <span class='ocrx_word' id='word_1_168' title='bbox 1218 3246 1458 3342; x_wconf 78' lang='lat' dir='ltr'>praebeantur,</span> 
     </span>
     <span class='ocr_line' id='line_1_23' title="bbox 486 3352 1458 3453; baseline -0.001 -26"><span class='ocrx_word' id='word_1_169' title='bbox 486 3354 554 3427; x_wconf 88' lang='lat' dir='ltr'>hoc</span> <span class='ocrx_word' id='word_1_170' title='bbox 572 3352 641 3436; x_wconf 91' lang='lat' dir='ltr'>est,</span> <span class='ocrx_word' id='word_1_171' title='bbox 664 3352 784 3427; x_wconf 88' lang='lat' dir='ltr'>hordei</span> <span class='ocrx_word' id='word_1_172' title='bbox 806 3352 924 3424; x_wconf 87' lang='lat' dir='ltr'>viridis</span> <span class='ocrx_word' id='word_1_173' title='bbox 943 3355 1056 3449; x_wconf 88' lang='lat' dir='ltr'>plures</span> <span class='ocrx_word' id='word_1_174' title='bbox 1078 3353 1289 3453; x_wconf 83' lang='lat' dir='ltr'>majoresque</span> <span class='ocrx_word' id='word_1_175' title='bbox 1312 3353 1458 3428; x_wconf 89' lang='lat' dir='ltr'>fascicu-</span> 
     </span>
     <span class='ocr_line' id='line_1_24' title="bbox 486 3459 1458 3563; baseline 0.001 -29"><span class='ocrx_word' id='word_1_176' title='bbox 486 3463 567 3550; x_wconf 89' lang='lat' dir='ltr'>los,</span> <span class='ocrx_word' id='word_1_177' title='bbox 589 3460 693 3534; x_wconf 88' lang='lat' dir='ltr'>tritici</span> <span class='ocrx_word' id='word_1_178' title='bbox 721 3460 778 3534; x_wconf 87' lang='lat' dir='ltr'>vel</span> <span class='ocrx_word' id='word_1_179' title='bbox 806 3459 924 3533; x_wconf 90' lang='lat' dir='ltr'>ciceris</span> <span class='ocrx_word' id='word_1_180' title='bbox 943 3463 1000 3533; x_wconf 85' lang='lat' dir='ltr'>vel</span> <span class='ocrx_word' id='word_1_181' title='bbox 1026 3461 1213 3563; x_wconf 84' lang='lat' dir='ltr'>soenigraeci</span> <span class='ocrx_word' id='word_1_182' title='bbox 1236 3461 1386 3534; x_wconf 88' lang='lat' dir='ltr'>minores</span> <span class='ocrx_word' id='word_1_183' title='bbox 1416 3463 1458 3535; x_wconf 80' lang='grc' dir='ltr'>δι</span> 
     </span>
    </p>
   </div>
   <div class='ocr_carea' id='block_1_8' title="bbox 487 3560 1574 3671">
    <p class='ocr_par' dir='ltr' id='par_1_11' title="bbox 487 3560 1574 3671">
     <span class='ocr_line' id='line_1_25' title="bbox 487 3560 1574 3671; baseline 0.003 -29"><span class='ocrx_word' id='word_1_184' title='bbox 487 3570 602 3669; x_wconf 86' lang='lat' dir='ltr'>pauci.</span> <span class='ocrx_word' id='word_1_185' title='bbox 622 3572 710 3664; x_wconf 81' lang='lat' dir='ltr'>Quae</span> <span class='ocrx_word' id='word_1_186' title='bbox 725 3568 841 3643; x_wconf 88' lang='lat' dir='ltr'>omnia</span> <span class='ocrx_word' id='word_1_187' title='bbox 856 3570 996 3643; x_wconf 91' lang='lat' dir='ltr'>contusa</span> <span class='ocrx_word' id='word_1_188' title='bbox 1013 3591 1154 3668; x_wconf 90' lang='lat' dir='ltr'>oportet</span> <span class='ocrx_word' id='word_1_189' title='bbox 1172 3571 1311 3671; x_wconf 87' lang='lat' dir='ltr'>apponi.</span> <span class='ocrx_word' id='word_1_190' title='bbox 1324 3574 1457 3645; x_wconf 79' lang='lat' dir='ltr'>Praeca·</span> <span class='ocrx_word' id='word_1_191' title='bbox 1571 3560 1574 3568; x_wconf 57' lang='grc'><strong>’</strong></span> 
     </span>
    </p>
   </div>
   <div class='ocr_carea' id='block_1_9' title="bbox 454 3671 1560 4432">
    <p class='ocr_par' dir='ltr' id='par_1_12' title="bbox 488 3671 1560 3886">
     <span class='ocr_line' id='line_1_26' title="bbox 488 3671 1560 3778; baseline -0.004 -24"><span class='ocrx_word' id='word_1_192' title='bbox 488 3680 644 3754; x_wconf 82' lang='lat' dir='ltr'>vendum</span> <span class='ocrx_word' id='word_1_193' title='bbox 665 3697 803 3768; x_wconf 87' lang='lat' dir='ltr'>tamen,</span> <span class='ocrx_word' id='word_1_194' title='bbox 820 3695 857 3751; x_wconf 92' lang='lat' dir='ltr'>ut</span> <span class='ocrx_word' id='word_1_195' title='bbox 875 3678 911 3751; x_wconf 89' lang='lat' dir='ltr'>in</span> <span class='ocrx_word' id='word_1_196' title='bbox 933 3679 1090 3778; x_wconf 85' lang='lat' dir='ltr'>longiore</span> <span class='ocrx_word' id='word_1_197' title='bbox 1106 3683 1298 3758; x_wconf 72' lang='lat' dir='ltr'>testatione</span> <span class='ocrx_word' id='word_1_198' title='bbox 1321 3681 1377 3756; x_wconf 89' lang='lat' dir='ltr'>vel</span> <span class='ocrx_word' id='word_1_199' title='bbox 1399 3681 1455 3752; x_wconf 57' lang='lat' dir='ltr'>itia</span> <span class='ocrx_word' id='word_1_200' title='bbox 1546 3671 1560 3680; x_wconf 76' lang='grc'><strong>’</strong></span> 
     </span>
     <span class='ocr_line' id='line_1_27' title="bbox 489 3783 1514 3886; baseline 0.001 -29"><span class='ocrx_word' id='word_1_201' title='bbox 489 3785 647 3876; x_wconf 86' lang='lat' dir='ltr'>neribus,</span> <span class='ocrx_word' id='word_1_202' title='bbox 663 3783 826 3880; x_wconf 81' lang='lat' dir='ltr'>jumentis</span> <span class='ocrx_word' id='word_1_203' title='bbox 848 3786 956 3866; x_wconf 81' lang='lat' dir='ltr'>urinae</span> <span class='ocrx_word' id='word_1_204' title='bbox 976 3789 1078 3884; x_wconf 75' lang='lat' dir='ltr'>&#39;copia</span> <span class='ocrx_word' id='word_1_205' title='bbox 1098 3813 1170 3861; x_wconf 91' lang='lat' dir='ltr'>non</span> <span class='ocrx_word' id='word_1_206' title='bbox 1194 3807 1357 3886; x_wconf 85' lang='lat' dir='ltr'>negetur,</span> <span class='ocrx_word' id='word_1_207' title='bbox 1378 3809 1457 3882; x_wconf 77' lang='lat' dir='ltr'>quae</span> <span class='ocrx_word' id='word_1_208' title='bbox 1512 3791 1514 3796; x_wconf 80' lang='grc'><strong>’</strong></span> 
     </span>
    </p>

    <p class='ocr_par' dir='ltr' id='par_1_13' title="bbox 454 3894 1514 3994">
     <span class='ocr_line' id='line_1_28' title="bbox 454 3894 1514 3994; baseline -0.002 -26"><span class='ocrx_word' id='word_1_209' title='bbox 454 3931 457 3936; x_wconf 92' lang='grc'><em>·</em></span> <span class='ocrx_word' id='word_1_210' title='bbox 489 3902 552 3969; x_wconf 83' lang='lat' dir='ltr'>res</span> <span class='ocrx_word' id='word_1_211' title='bbox 568 3920 640 3968; x_wconf 91' lang='lat' dir='ltr'>non</span> <span class='ocrx_word' id='word_1_212' title='bbox 664 3894 734 3967; x_wconf 81' lang='lat' dir='ltr'>stne</span> <span class='ocrx_word' id='word_1_213' title='bbox 758 3895 910 3992; x_wconf 87' lang='lat' dir='ltr'>periculo</span> <span class='ocrx_word' id='word_1_214' title='bbox 939 3895 1139 3994; x_wconf 92' lang='lat' dir='ltr'>plerumque</span> <span class='ocrx_word' id='word_1_215' title='bbox 1164 3896 1324 3971; x_wconf 87' lang='lat' dir='ltr'>differtur.</span> <span class='ocrx_word' id='word_1_216' title='bbox 1350 3895 1457 3966; x_wconf 87' lang='lat' dir='ltr'>Pedes</span> <span class='ocrx_word' id='word_1_217' title='bbox 1511 3981 1514 3987; x_wconf 26' lang='grc' dir='ltr'>Ι</span> 
     </span>
    </p>

    <p class='ocr_par' dir='ltr' id='par_1_14' title="bbox 481 4000 1509 4432">
     <span class='ocr_line' id='line_1_29' title="bbox 490 4000 1456 4103; baseline -0.004 -27"><span class='ocrx_word' id='word_1_218' title='bbox 490 4000 632 4103; x_wconf 90' lang='lat' dir='ltr'>quoque</span> <span class='ocrx_word' id='word_1_219' title='bbox 652 4030 772 4078; x_wconf 90' lang='lat' dir='ltr'>eorum</span> <span class='ocrx_word' id='word_1_220' title='bbox 788 4005 862 4101; x_wconf 82' lang='lat' dir='ltr'>poll</span> <span class='ocrx_word' id='word_1_221' title='bbox 884 4005 976 4079; x_wconf 87' lang='lat' dir='ltr'>viam</span> <span class='ocrx_word' id='word_1_222' title='bbox 996 4005 1135 4078; x_wconf 90' lang='lat' dir='ltr'>eruendi</span> <span class='ocrx_word' id='word_1_223' title='bbox 1156 4003 1231 4079; x_wconf 90' lang='lat' dir='ltr'>sunt</span> <span class='ocrx_word' id='word_1_224' title='bbox 1254 4004 1456 4100; x_wconf 89' lang='lat' dir='ltr'>diligenter,</span> 
     </span>
     <span class='ocr_line' id='line_1_30' title="bbox 492 4112 1509 4211; baseline -0.005 -27"><span class='ocrx_word' id='word_1_225' title='bbox 492 4137 536 4184; x_wconf 87' lang='lat' dir='ltr'>ne</span> <span class='ocrx_word' id='word_1_226' title='bbox 557 4115 640 4210; x_wconf 89' lang='lat' dir='ltr'>quid</span> <span class='ocrx_word' id='word_1_227' title='bbox 655 4115 720 4188; x_wconf 90' lang='lat' dir='ltr'>luti</span> <span class='ocrx_word' id='word_1_228' title='bbox 743 4115 797 4197; x_wconf 85' lang='lat' dir='ltr'>vel</span> <span class='ocrx_word' id='word_1_229' title='bbox 819 4114 967 4190; x_wconf 89' lang='lat' dir='ltr'>sordium</span> <span class='ocrx_word' id='word_1_230' title='bbox 990 4114 1025 4187; x_wconf 88' lang='lat' dir='ltr'>in</span> <span class='ocrx_word' id='word_1_231' title='bbox 1043 4113 1194 4191; x_wconf 88' lang='lat' dir='ltr'>articulis</span> <span class='ocrx_word' id='word_1_232' title='bbox 1218 4112 1354 4211; x_wconf 82' lang='lat' dir='ltr'>basrque</span> <span class='ocrx_word' id='word_1_233' title='bbox 1375 4132 1455 4206; x_wconf 89' lang='lat' dir='ltr'>per·</span> <span class='ocrx_word' id='word_1_234' title='bbox 1506 4172 1509 4179; x_wconf 95' lang='lat'>.</span> 
     </span>
     <span class='ocr_line' id='line_1_31' title="bbox 490 4222 1460 4326; baseline -0.003 -31"><span class='ocrx_word' id='word_1_235' title='bbox 490 4242 634 4296; x_wconf 86' lang='lat' dir='ltr'>maneat.</span> <span class='ocrx_word' id='word_1_236' title='bbox 645 4231 835 4326; x_wconf 85' lang='lat' dir='ltr'>Unguento</span> <span class='ocrx_word' id='word_1_237' title='bbox 850 4227 949 4301; x_wconf 90' lang='lat' dir='ltr'>etiam</span> <span class='ocrx_word' id='word_1_238' title='bbox 965 4224 1176 4300; x_wconf 87' lang='lat' dir='ltr'>confricandi</span> <span class='ocrx_word' id='word_1_239' title='bbox 1194 4222 1290 4307; x_wconf 90' lang='lat' dir='ltr'>sunt,</span> <span class='ocrx_word' id='word_1_240' title='bbox 1305 4244 1378 4319; x_wconf 93' lang='lat' dir='ltr'>quo</span> <span class='ocrx_word' id='word_1_241' title='bbox 1391 4238 1460 4302; x_wconf 64' lang='lat' dir='ltr'>une</span> 
     </span>
     <span class='ocr_line' id='line_1_32' title="bbox 481 4327 1493 4432; baseline 0.002 -28"><span class='ocrx_word' id='word_1_242' title='bbox 481 4331 581 4430; x_wconf 81' lang='lat' dir='ltr'>‘gulae</span> <span class='ocrx_word' id='word_1_243' title='bbox 596 4332 811 4432; x_wconf 87' lang='lat' dir='ltr'>nutriantur,</span> <span class='ocrx_word' id='word_1_244' title='bbox 829 4336 867 4414; x_wconf 79' lang='grc' dir='ltr'>δι</span> <span class='ocrx_word' id='word_1_245' title='bbox 881 4333 1113 4424; x_wconf 84' lang='lat' dir='ltr'>medicaminis</span> <span class='ocrx_word' id='word_1_246' title='bbox 1136 4327 1302 4408; x_wconf 87' lang='lat' dir='ltr'>beneficio</span> <span class='ocrx_word' id='word_1_247' title='bbox 1317 4328 1453 4406; x_wconf 68' lang='lat' dir='ltr'>subere*</span> <span class='ocrx_word' id='word_1_248' title='bbox 1485 4332 1493 4362; x_wconf 84' lang='lat'><strong><em>‘</em></strong></span> 
     </span>
    </p>
   </div>
   <div class='ocr_carea' id='block_1_10' title="bbox 0 0 1957 5759">
    <p class='ocr_par' dir='ltr' id='par_1_15' title="bbox 0 0 1957 5759">
     <span class='ocr_line' id='line_1_33' title="bbox 0 0 1957 5759; baseline 0 0"><span class='ocrx_word' id='word_1_249' title='bbox 0 0 1957 5759; x_wconf 95' lang='lat' dir='ltr'> </span> 
     </span>
    </p>
   </div>
  </div>
 </body>
</html>
