3875 5759
520 916 524 923 ·
600 881 732 957 auus
757 878 973 954 varrum.
1000 876 1098 951 srva
1123 820 1312 958 uutou.
1371 885 1457 980 2⁶5..

480 1065 535 1117 rus
557 1043 596 1117 δι
613 1040 758 1129 crassus,
779 1042 816 1114 &
840 1035 993 1135 pauidus}
1018 1040 1069 1110 Ex
1089 1063 1155 1134 qua
1181 1063 1216 1109 re
1237 1035 1275 1109 fit
1300 1040 1446 1112 ortomi·

482 1179 563 1241 cus,
582 1150 772 1248 profluvius
793 1152 947 1236 Atticus,
961 1150 998 1222 &
1013 1148 1184 1244 suspirium
1205 1148 1393 1221 articulare.
1412 1151 1446 1223 A

481 1266 598 1362 jecore
615 1262 741 1356 humor
753 1262 816 1360 erit
829 1261 975 1348 lividus,
990 1261 1105 1358 yricus
1114 1315 1126 1349 ,
1142 1263 1180 1333 &
1196 1259 1332 1348 viridis,
1345 1262 1383 1333 δι
1397 1278 1448 1333 ta·

480 1371 603 1460 bidus,
626 1394 699 1441 non
721 1368 819 1442 valde
838 1368 981 1453 crassus,
1000 1393 1109 1464 neque
1124 1369 1246 1441 olidus.
1257 1371 1309 1439 Ex
1323 1392 1388 1463 qua
1409 1361 1448 1441 re

481 1480 581 1555 fiunt
594 1479 740 1571 sciatici,
755 1480 965 1579 hydropici,
980 1477 1150 1550 sebricosi.
1172 1480 1252 1550 ldeo
1272 1497 1385 1550 autem
1405 1476 1451 1548 sr-

483 1617 550 1689 gna
569 1592 758 1687 passionum
773 1588 1159 1688 causasque-divisimus,
1173 1614 1218 1660 ne
1234 1588 1384 1687 ingratus
1397 1606 1453 1660 er·¹

483 1727 544 1775 ror
561 1722 724 1790 noceret,
742 1705 779 1777 δι
801 1701 933 1782 facilius
958 1698 1101 1772 evidens
1126 1699 1278 1771 docirina
1305 1717 1453 1799 curaret·

482 1813 650 1912 Absyrtus
671 1812 864 1908 hujusmodi
885 1813 926 1882 de
949 1809 1183 1897 coasiionibus
1205 1810 1353 1907 prodidit
1376 1838 1451 1916 me·

483 1924 609 1998 dicinas
623 1950 633 1997 ε
648 1923 683 1995 si
696 1947 827 2019 equus,
847 1918 982 2017 inquit,
997 1920 1133 1991 coacias
1150 1918 1191 1992 de
1213 1919 1268 1991 via
1295 1919 1451 2011 venerit,

483 2034 579 2107 oculi
593 2034 665 2126 ejus
679 2032 773 2105 intro
792 2031 934 2103 abibunt
952 2029 1010 2102 vel
1023 2030 1265 2122 versabuntur,
1278 2030 1379 2125 spirat
1395 2045 1453 2104 ca'·

482 2144 592 2215 lidum
616 2142 812 2239 frequenter
832 2161 932 2239 atque
954 2139 1104 2237 suspirat,
1120 2144 1158 2215 &
1183 2141 1337 2215 auricula
1354 2141 1453 2236 hujus

487 2277 528 2324 ac
549 2251 718 2349 reliquum
746 2274 870 2347 corpus
890 2250 1063 2322 extensum
1092 2250 1165 2324 erit.
1187 2251 1292 2347 Cujus
1311 2251 1385 2325 talis
1407 2252 1455 2326 esi

486 2359 620 2435 curatio
633 2406 646 2450 ‚·
657 2378 696 2431 ut
710 2384 827 2455 parum
845 2358 965 2430 hordei
980 2358 1145 2455 accipiat,
1167 2360 1365 2458 foenumque
1381 2386 1455 2433 non

486 2470 641 2543 multum.
656 2468 757 2542 Potio
771 2485 882 2541 autem
899 2466 1095 2568 hujusmodi
1117 2469 1374 2565 praeparabitur:
1389 2470 1455 2568 hy·

487 2578 584 2675 sepi,
599 2580 756 2652 abrotani
777 2605 840 2652 ana
860 2579 995 2652 unciam
1027 2578 1246 2674 1,sampsuci
1269 2579 1385 2652 uncias
1406 2581 1456 2666 6,

455 2725 457 2728 ·
488 2688 691 2789 soenugraeci
706 2690 825 2762 libram
844 2714 970 2777 unam,
988 2690 1049 2760 lini
1067 2690 1197 2761 seminis
1222 2691 1342 2786 pondo
1363 2691 1455 2765 duo:

455 2881 457 2886 ¹
487 2798 572 2871 haec
593 2799 708 2871 omnia
724 2798 794 2871 tusa
816 2801 854 2873 &
880 2799 1023 2872 cribrata
1049 2798 1085 2870 iu
1108 2801 1234 2873 cacabo
1255 2823 1355 2874 novo
1377 2826 1457 2874 cum

490 2907 549 2980 sex
574 2933 668 3004 aquae
692 2908 841 2980 sextariis
866 2907 1040 3001 infundis,
1061 2910 1216 3007 addisque
1243 2936 1371 2984 novem
1397 2911 1458 2983 ¹du·

491 3019 597 3114 plices
618 3017 723 3106 ficus,
741 3043 816 3115 quae
829 3043 906 3092 cum
929 3020 971 3092 ad
985 3038 1113 3118 partem
1128 3020 1299 3093 dimidiam
1317 3021 1458 3095 decosia

492 3128 642 3216 suerint,
662 3128 820 3202 universa
835 3150 992 3206 conteres
1003 3150 1104 3232 atque
1119 3132 1261 3231 liquabis
1274 3188 1283 3217 ‚
1297 3152 1458 3230 praeterea

493 3240 569 3312 vini
584 3240 708 3314 vet'eris
727 3239 858 3335 optimi·
867 3240 1028 3316 sextarios
1042 3261 1127 3331 tres,
1148 3243 1255 3329 mellis
1267 3241 1457 3330 heminam,

490 3349 617 3464 piperis
632 3349 704 3422 triti
719 3351 915 3422 drachmam
938 3350 1075 3440 adjicies
1099 3352 1197 3449 supra
1220 3349 1367 3445 scriptis,
1385 3372 1457 3420 rur·

493 3459 631 3557 sumque
642 3460 773 3535 fervere
790 3460 894 3534 facies
907 3461 1041 3550 omnia,
1057 3487 1101 3535 ex
1113 3489 1178 3560 qua
1191 3462 1332 3536 calidam
1345 3460 1459 3555 potio·

401 3604 404 3609 v
494 3592 572 3639 nem
586 3566 738 3665 plurimis
751 3569 870 3642 diebus
883 3568 1361 3669 dabis,quaemirisicejuvare
1374 3592 1458 3642 con·
1580 3661 1585 3676 .

496 3673 615 3746 suevit.
635 3674 668 3746 Si
693 3676 734 3750 de
761 3676 878 3751 labore
904 3676 1034 3750 itineris
1062 3677 1195 3751 suffusio
1221 3680 1343 3773 pedum
1366 3676 1459 3749 forte

496 3782 719 3880 provenerit,
733 3810 845 3875 eave,
861 3810 903 3858 ne
931 3785 1124 3883 sanguinem
1147 3788 1257 3862 calido
1279 3786 1429 3858 detrahas
1443 3837 1459 3872 ,

496 3891 552 3963 sed
564 3889 752 3989 requietum
764 3895 1272 3991 pausatumqueflebotomabis,
1289 3892 1460 3985 hujusmo-

497 4002 532 4073 di
554 3998 723 4074 benesicio
744 4002 897 4096 potionis
914 4003 1033 4075 usurus
1047 4005 1171 4078 :Turis
1189 4002 1326 4077 masculi
1341 4002 1475 4075 drach·¹

499 4132 569 4181 mas
589 4107 807 4197 2‚soliorum
823 4109 973 4208 caprifici
983 4112 1101 4183 libram
1112 4166 1123 4202 ‚
1135 4137 1237 4209 grana
1253 4109 1377 4205 piperis
1392 4130 1459 4209 25,
1562 4120 1565 4127 '

502 4212 656 4291 fermenti
680 4218 795 4292 uncias
816 4247 862 4317 3,
877 4221 973 4295 croci
998 4220 1210 4293 drachmam:
1235 4215 1351 4290 omnia
1372 4218 1459 4292 bene
1577 4234 1584 4246 '

500 4322 580 4399 trita
600 4325 637 4401 in
657 4347 726 4405 tres
740 4347 852 4427 partes
868 4330 1019 4426 divides,
1037 4333 1076 4407 δι
1089 4325 1305 4427 expausatum
1324 4325 1459 4438 jumenz
1489 4339 1495 4350 '
