3875 5759
549 921 662 1019 br.
694 941 767 1016 us
800 942 1064 1017 uusrrca
1099 945 1198 1018 uus.
1235 948 1261 1020 ι.
1357 960 1406 1047 47

444 1128 513 1203 que
527 1101 708 1201 perflabili,
725 1102 828 1201 longe
851 1120 964 1174 tamen
978 1102 1021 1176 ab
1035 1100 1163 1192 hortis,
1181 1101 1292 1179 vineis
1307 1122 1409 1204 atque

440 1213 601 1309 pometis.
623 1237 698 1284 nam
721 1211 805 1311 sieut
825 1211 993 1283 radicibus
1017 1210 1245 1309 virgultorum
1268 1214 1410 1309 ppofunt

440 1320 597 1392 laetamen
612 1323 648 1396 δι
661 1319 781 1415 palear
793 1319 841 1393 ita
853 1319 1033 1392 infidemes
1043 1307 1222 1410 frondibus
1236 1323 1317 1417 [eas]
1329 1348 1408 1419 per·

439 1428 575 1509 forant,
586 1448 687 1523 atque
704 1453 798 1501 arere
815 1428 1039 1524 compellunt.
1323 1505 1325 1510 ,

491 1540 673 1611 XXXVll.
690 1536 820 1633 Apibus
837 1536 1013 1610 stationem
1031 1559 1103 1610 non
1120 1538 1224 1637 longe
1238 1564 1256 1612 a
1275 1541 1408 1617 domini

439 1647 566 1721 adibus
580 1648 616 1721 in
636 1646 729 1719 horti
749 1665 843 1742 parte
858 1644 986 1749 secreta
1000 1647 1038 1720 &
1050 1644 1183 1743 aprica,
1200 1651 1272 1722 &a
1294 1653 1407 1726 ventis

369 1808 374 1816 ,
441 1775 593 1846 remota,
607 1757 647 1830 &
666 1755 828 1831 calidiore
847 1755 963 1829 locare
979 1755 1159 1846 debemus,
1171 1780 1247 1852 quae
1266 1757 1302 1830 in
1321 1783 1408 1853 qua·

441 1867 568 1939 dtatam
597 1866 779 1941 constituta
797 1864 983 1939 mensuram
1006 1863 1096 1937 fures
1114 1868 1153 1939 δι
1173 1865 1321 1940 accessus
1339 1868 1409 1940 bo·
1505 1885 1512 1910 ¹

441 1977 571 2049 minum
591 1977 829 2073 pecudumque
854 1974 1064 2050 submoveat.
1087 1974 1126 2048 srt
1144 1975 1317 2049 abundans
1336 1976 1406 2051 flo-

441 2084 558 2175 ribus,
573 2107 662 2182 quos
675 2087 712 2156 in
732 2084 865 2169 herbis,
881 2082 937 2156 vel
952 2083 988 2155 in
1008 2082 1211 2173 fruticibus,
1226 2083 1281 2157 vel
1298 2086 1333 2157 in
1353 2113 1409 2160 ar·

443 2188 587 2264 boribus
609 2210 768 2286 procuret
785 2189 955 2265 indu-siria.
981 2192 1107 2265 Herbas
1131 2194 1277 2284 nutriat,
1296 2193 1408 2292 origa-

395 2323 398 2328 ·
442 2322 547 2389 num,
563 2299 743 2397 thymum,
758 2298 965 2399 serpyllum,
990 2300 1184 2396 satureiam,
1206 2303 1405 2405 melisphyl·
1479 2300 1484 2310 ’

440 2408 533 2498 lum,
550 2408 660 2482 violas
674 2411 834 2508 agrestes,
844 2410 1075 2508 asphodilum,
1088 2412 1282 2508 citragiuem
1293 2466 1304 2502 ,
1317 2438 1409 2487 ama-

441 2519 831 2618 racum,byacinthuur,
854 2520 912 2619 qui
936 2519 995 2593 iris
1020 2520 1077 2592 vel
1094 2520 1262 2617 gladiolus
1284 2521 1408 2595 dicitur
1500 2541 1503 2548 ·
1549 2542 1553 2548 ·

441 2626 658 2700 similitudine
676 2628 863 2719 foliorum,
879 2629 1076 2716 narcissum,
1089 2654 1227 2701 crocum
1241 2683 1251 2715 ,
1269 2631 1409 2703 ceteras·

442 2764 509 2837 que
523 2740 642 2812 herbas
664 2740 842 2817 suaviffimi
858 2740 1028 2832 odoris&
1046 2739 1152 2818 floris.
1170 2743 1207 2810 ln
1229 2738 1408 2818 fruticibus

442 2872 527 2920 vero
546 2848 609 2920 fint
623 2847 729 2937 rosae,
742 2849 831 2938 lilia,
842 2848 950 2939 faba,
966 2846 1190 2935 rosmarinus,
1203 2847 1333 2919 hederae
1348 2877 1357 2920 r
1372 2849 1407 2922 iu
1505 2859 1507 2864 ’
1585 2877 1589 2886 ’

445 2956 626 3029 arboribus
655 2956 834 3054 ziziphus,
854 2957 1074 3059 amygdalus,
1098 2956 1262 3054 persicus,
1289 2958 1408 3055 pirus,
1442 3001 1446 3010 ·

444 3063 687 3161 pomiferaeque
704 3069 862 3160 arbores,
881 3069 1005 3167 quibus
1027 3067 1118 3141 nulla
1140 3067 1329 3141 amaritudo
1353 3094 1408 3142 re·

442 3173 587 3271 spondet
607 3175 694 3251 flore
718 3178 863 3253 desudo.
895 3179 1068 3254 silvestria
1095 3204 1202 3270 vero,
1223 3180 1408 3277 glandifera

443 3283 591 3373 robora,
607 3282 838 3372 terebinthus,
858 3285 1037 3377 lentiscus,
1060 3286 1205 3371 cedrus,
1225 3286 1318 3376 tilia,
1340 3286 1408 3359 ilex

442 3392 578 3483 minor,
602 3394 641 3468 δι
661 3393 777 3490 pinus.
811 3393 864 3466 sed
888 3396 959 3467 taxi
986 3415 1226 3470 removeantur
1251 3396 1408 3470 inimica.

442 3502 547 3576 Primi
563 3502 689 3600 fa'poris
706 3501 806 3574 mella
824 3502 937 3600 thymi
955 3504 1072 3579 succus
1094 3502 1248 3591 effundit.
1273 3503 1408 3578 fecundi

442 3611 555 3684 meriti
586 3611 771 3710 thymbra,
795 3602 979 3708 serpyllum
1009 3612 1067 3684 vel
1093 3613 1282 3711 origanum.
1316 3613 1407 3687 tertii

443 3718 555 3792 meriti
569 3719 776 3792 rosmarinus
791 3721 830 3795 δι
847 3718 998 3813 satureia.
1015 3722 1154 3808 Cetera,
1167 3746 1205 3793 ut
1218 3723 1354 3794 arbutus
1369 3724 1407 3796 &

444 3828 560 3915 olera,
578 3822 730 3923 saporem
750 3826 866 3902 urbici
887 3827 995 3900 mellis
1015 3830 1178 3903 efficiunt.
1202 3832 1274 3904 Sint
1293 3850 1407 3902 autem

444 3936 583 4008 arbores
608 3959 628 4007 a
649 3934 911 4031 septemtrionali
935 3955 1028 4032 parte
1050 3938 1229 4034 dispofrtae.
1260 3938 1422 4035 Frutices

443 4063 548 4138 atque
561 4042 707 4139 virgulta
724 4045 860 4118 ordines
881 4043 958 4116 suos
981 4044 1040 4116 sub
1054 4046 1207 4118 maceriis
1220 4045 1406 4138 exsequan-

448 4169 516 4223 tur.
540 4153 660 4226 herbas
672 4153 795 4226 ¹deinde
817 4156 852 4228 in
867 4152 971 4249 plano
989 4152 1065 4251 post
1088 4151 1227 4238 frutices
1248 4152 1406 4228 consere&

448 4281 536 4361 mus.
567 4263 657 4332 Fons
681 4261 739 4332 vel
762 4262 854 4336 rivus
875 4264 941 4337 huc
968 4263 1153 4337 conveniat
1177 4260 1327 4350 otiosus,
1347 4262 1407 4361 qui
1431 4289 1448 4333 ·,

447 4363 594 4442 humiles
611 4365 814 4452 transeundo
834 4370 958 4447 formet
977 4370 1136 4460 lacunas,
1150 4390 1234 4465 quas
1257 4371 1409 4468 operiant
