<?xml version="1.0" encoding="UTF-8"?>
<!DOCTYPE html PUBLIC "-//W3C//DTD XHTML 1.0 Transitional//EN"
    "http://www.w3.org/TR/xhtml1/DTD/xhtml1-transitional.dtd">
<html xmlns="http://www.w3.org/1999/xhtml" xml:lang="en" lang="en">
 <head>
  <title>
</title>
<meta http-equiv="Content-Type" content="text/html;charset=utf-8" />
  <meta name='ocr-system' content='tesseract 3.04.00' />
  <meta name='ocr-capabilities' content='ocr_page ocr_carea ocr_par ocr_line ocrx_word'/>
</head>
<body>
  <div class='ocr_page' id='page_1' title='image "./scriptoresreiru00gesngoog_0194.png"; bbox 0 0 3875 5759; ppageno 0'>
   <div class='ocr_carea' id='block_1_1' title="bbox 532 779 1494 1160">
    <p class='ocr_par' dir='ltr' id='par_1_1' title="bbox 532 779 1494 1160">
     <span class='ocr_line' id='line_1_1' title="bbox 538 779 1313 838; baseline -0.003 0"><span class='ocrx_word' id='word_1_1' title='bbox 538 825 540 834; x_wconf 92' lang='lat'><strong>.</strong></span> <span class='ocrx_word' id='word_1_2' title='bbox 1290 779 1313 838; x_wconf 74' lang='lat' dir='ltr'><strong>la</strong></span> 
     </span>
     <span class='ocr_line' id='line_1_2' title="bbox 532 905 1397 1018; baseline 0.003 -38"><span class='ocrx_word' id='word_1_3' title='bbox 532 905 1397 1018; x_wconf 58' lang='lat' dir='ltr'><strong>murnuunnrruurlum</strong></span> 
     </span>
     <span class='ocr_line' id='line_1_3' title="bbox 579 1045 1494 1160; baseline 0.001 -17"><span class='ocrx_word' id='word_1_4' title='bbox 579 1074 652 1145; x_wconf 88' lang='lat' dir='ltr'><strong>Vll.</strong></span> <span class='ocrx_word' id='word_1_5' title='bbox 672 1069 754 1143; x_wconf 89' lang='lat' dir='ltr'><strong>-Hoc</strong></span> <span class='ocrx_word' id='word_1_6' title='bbox 777 1067 888 1141; x_wconf 90' lang='lat' dir='ltr'><strong>mense</strong></span> <span class='ocrx_word' id='word_1_7' title='bbox 910 1067 997 1142; x_wconf 91' lang='lat' dir='ltr'><strong>locis</strong></span> <span class='ocrx_word' id='word_1_8' title='bbox 1018 1063 1159 1160; x_wconf 78' lang='lat' dir='ltr'><strong>calidis,</strong></span> <span class='ocrx_word' id='word_1_9' title='bbox 1187 1071 1306 1159; x_wconf 83' lang='lat' dir='ltr'><strong>ceteris</strong></span> <span class='ocrx_word' id='word_1_10' title='bbox 1330 1045 1416 1146; x_wconf 74' lang='lat' dir='ltr'><strong>uero</strong></span> <span class='ocrx_word' id='word_1_11' title='bbox 1441 1073 1494 1146; x_wconf 58' lang='lat' dir='ltr'><strong>lai</strong></span> 
     </span>
    </p>
   </div>
   <div class='ocr_carea' id='block_1_2' title="bbox 438 1178 1495 1385">
    <p class='ocr_par' dir='ltr' id='par_1_2' title="bbox 438 1178 1495 1385">
     <span class='ocr_line' id='line_1_4' title="bbox 438 1178 1495 1278; baseline -0.007 -19"><span class='ocrx_word' id='word_1_12' title='bbox 438 1209 443 1224; x_wconf 86' lang='grc'><em>·</em></span> <span class='ocrx_word' id='word_1_13' title='bbox 528 1182 651 1258; x_wconf 88' lang='lat' dir='ltr'><strong>nuario</strong></span> <span class='ocrx_word' id='word_1_14' title='bbox 671 1180 791 1255; x_wconf 76' lang='lat' dir='ltr'><strong>perfici</strong></span> <span class='ocrx_word' id='word_1_15' title='bbox 808 1181 878 1253; x_wconf 86' lang='lat' dir='ltr'><strong>ossa</strong></span> <span class='ocrx_word' id='word_1_16' title='bbox 898 1181 934 1252; x_wconf 93' lang='lat' dir='ltr'><strong>in</strong></span> <span class='ocrx_word' id='word_1_17' title='bbox 955 1178 1123 1275; x_wconf 82' lang='lat' dir='ltr'><strong>pastinatis</strong></span> <span class='ocrx_word' id='word_1_18' title='bbox 1149 1179 1233 1252; x_wconf 83' lang='lat' dir='ltr'><strong>areis</strong></span> <span class='ocrx_word' id='word_1_19' title='bbox 1257 1180 1332 1253; x_wconf 88' lang='lat' dir='ltr'><strong>suut</strong></span> <span class='ocrx_word' id='word_1_20' title='bbox 1356 1206 1495 1278; x_wconf 89' lang='lat' dir='ltr'><strong>ponen-</strong></span> 
     </span>
     <span class='ocr_line' id='line_1_5' title="bbox 528 1288 1493 1385; baseline -0.005 -20"><span class='ocrx_word' id='word_1_21' title='bbox 528 1292 596 1381; x_wconf 90' lang='lat' dir='ltr'><strong>da,</strong></span> <span class='ocrx_word' id='word_1_22' title='bbox 617 1290 706 1364; x_wconf 89' lang='lat' dir='ltr'><strong>binis</strong></span> <span class='ocrx_word' id='word_1_23' title='bbox 720 1313 740 1361; x_wconf 88' lang='lat' dir='ltr'><strong>a</strong></span> <span class='ocrx_word' id='word_1_24' title='bbox 755 1288 788 1361; x_wconf 90' lang='lat' dir='ltr'><strong>se</strong></span> <span class='ocrx_word' id='word_1_25' title='bbox 800 1288 941 1383; x_wconf 90' lang='lat' dir='ltr'><strong>pedibus</strong></span> <span class='ocrx_word' id='word_1_26' title='bbox 956 1288 1126 1385; x_wconf 84' lang='lat' dir='ltr'><strong>separata,</strong></span> <span class='ocrx_word' id='word_1_27' title='bbox 1138 1308 1195 1376; x_wconf 92' lang='lat' dir='ltr'><strong>ut,</strong></span> <span class='ocrx_word' id='word_1_28' title='bbox 1212 1314 1289 1362; x_wconf 91' lang='lat' dir='ltr'><strong>cum</strong></span> <span class='ocrx_word' id='word_1_29' title='bbox 1305 1288 1354 1360; x_wconf 92' lang='lat' dir='ltr'><strong>ibi</strong></span> <span class='ocrx_word' id='word_1_30' title='bbox 1369 1290 1493 1385; x_wconf 74' lang='lat' dir='ltr'><strong>plantae</strong></span> 
     </span>
    </p>
   </div>
   <div class='ocr_carea' id='block_1_3' title="bbox 420 1396 1493 1493">
    <p class='ocr_par' dir='ltr' id='par_1_3' title="bbox 420 1396 1493 1493">
     <span class='ocr_line' id='line_1_6' title="bbox 420 1396 1493 1493; baseline -0.005 -17"><span class='ocrx_word' id='word_1_31' title='bbox 420 1410 424 1417; x_wconf 83' lang='lat'><em>&#39;</em></span> <span class='ocrx_word' id='word_1_32' title='bbox 526 1399 761 1478; x_wconf 82' lang='lat' dir='ltr'><strong>excreverint,</strong></span> <span class='ocrx_word' id='word_1_33' title='bbox 775 1396 1030 1471; x_wconf 87' lang='lat' dir='ltr'><strong>transferantur.</strong></span> <span class='ocrx_word' id='word_1_34' title='bbox 1052 1399 1117 1469; x_wconf 89' lang='lat' dir='ltr'><strong>Sed</strong></span> <span class='ocrx_word' id='word_1_35' title='bbox 1139 1397 1208 1468; x_wconf 84' lang='lat' dir='ltr'><strong>ossa</strong></span> <span class='ocrx_word' id='word_1_36' title='bbox 1227 1418 1399 1493; x_wconf 84' lang='lat' dir='ltr'><strong>ponantur</strong></span> <span class='ocrx_word' id='word_1_37' title='bbox 1412 1424 1493 1472; x_wconf 89' lang='lat' dir='ltr'><strong>acu·</strong></span> 
     </span>
    </p>
   </div>
   <div class='ocr_carea' id='block_1_4' title="bbox 482 1504 1562 4441">
    <p class='ocr_par' dir='ltr' id='par_1_4' title="bbox 482 1504 1562 4441">
     <span class='ocr_line' id='line_1_7' title="bbox 528 1504 1495 1602; baseline -0.002 -19"><span class='ocrx_word' id='word_1_38' title='bbox 528 1510 621 1583; x_wconf 90' lang='lat' dir='ltr'><strong>mine</strong></span> <span class='ocrx_word' id='word_1_39' title='bbox 643 1505 801 1580; x_wconf 85' lang='lat' dir='ltr'><strong>deorsum</strong></span> <span class='ocrx_word' id='word_1_40' title='bbox 821 1504 1004 1597; x_wconf 85' lang='lat' dir='ltr'><strong>verso‚·&amp;</strong></span> <span class='ocrx_word' id='word_1_41' title='bbox 1026 1530 1097 1579; x_wconf 92' lang='lat' dir='ltr'><strong>non</strong></span> <span class='ocrx_word' id='word_1_42' title='bbox 1116 1506 1264 1602; x_wconf 28' lang='lat' dir='ltr'><strong>,amplius</strong></span> <span class='ocrx_word' id='word_1_43' title='bbox 1281 1531 1384 1602; x_wconf 91' lang='lat' dir='ltr'><strong>quam</strong></span> <span class='ocrx_word' id='word_1_44' title='bbox 1406 1510 1495 1582; x_wconf 93' lang='lat' dir='ltr'><strong>duo-</strong></span> 
     </span>
     <span class='ocr_line' id='line_1_8' title="bbox 528 1613 1496 1715; baseline 0 -25"><span class='ocrx_word' id='word_1_45' title='bbox 528 1618 593 1690; x_wconf 88' lang='lat' dir='ltr'><strong>bus</strong></span> <span class='ocrx_word' id='word_1_46' title='bbox 614 1632 671 1687; x_wconf 92' lang='lat' dir='ltr'><strong>aut</strong></span> <span class='ocrx_word' id='word_1_47' title='bbox 694 1616 801 1688; x_wconf 89' lang='lat' dir='ltr'><strong>tribus</strong></span> <span class='ocrx_word' id='word_1_48' title='bbox 829 1614 943 1709; x_wconf 81' lang='lat' dir='ltr'><strong>digitis</strong></span> <span class='ocrx_word' id='word_1_49' title='bbox 966 1615 1165 1688; x_wconf 85' lang='lat' dir='ltr'>obruantur.</span> <span class='ocrx_word' id='word_1_50' title='bbox 1191 1613 1260 1687; x_wconf 79' lang='lat' dir='ltr'><strong>dssa</strong></span> <span class='ocrx_word' id='word_1_51' title='bbox 1284 1641 1394 1705; x_wconf 90' lang='lat' dir='ltr'><strong>vero,</strong></span> <span class='ocrx_word' id='word_1_52' title='bbox 1418 1644 1496 1715; x_wconf 84' lang='lat' dir='ltr'><strong>quae</strong></span> 
     </span>
     <span class='ocr_line' id='line_1_9' title="bbox 528 1722 1498 1821; baseline 0.005 -27"><span class='ocrx_word' id='word_1_53' title='bbox 528 1723 691 1820; x_wconf 91' lang='lat' dir='ltr'><strong>ponenda</strong></span> <span class='ocrx_word' id='word_1_54' title='bbox 709 1722 800 1812; x_wconf 90' lang='lat' dir='ltr'><strong>sunt,</strong></span> <span class='ocrx_word' id='word_1_55' title='bbox 815 1722 921 1821; x_wconf 78' lang='lat' dir='ltr'><strong>aliqui</strong></span> <span class='ocrx_word' id='word_1_56' title='bbox 937 1722 1059 1798; x_wconf 84' lang='lat' dir='ltr'><strong>siccata</strong></span> <span class='ocrx_word' id='word_1_57' title='bbox 1072 1722 1164 1820; x_wconf 90' lang='lat' dir='ltr'><strong>prius</strong></span> <span class='ocrx_word' id='word_1_58' title='bbox 1179 1725 1293 1819; x_wconf 82' lang='lat' dir='ltr'><strong>paucis</strong></span> <span class='ocrx_word' id='word_1_59' title='bbox 1317 1726 1433 1798; x_wconf 87' lang='lat' dir='ltr'><strong>diebus</strong></span> <span class='ocrx_word' id='word_1_60' title='bbox 1448 1727 1498 1799; x_wconf 91' lang='lat' dir='ltr'><strong>ci·</strong></span> 
     </span>
     <span class='ocr_line' id='line_1_10' title="bbox 482 1831 1562 1933; baseline 0.005 -30"><span class='ocrx_word' id='word_1_61' title='bbox 482 1869 484 1880; x_wconf 83' lang='lat'><em>=</em></span> <span class='ocrx_word' id='word_1_62' title='bbox 529 1831 624 1904; x_wconf 87' lang='lat' dir='ltr'><strong>neris·</strong></span> <span class='ocrx_word' id='word_1_63' title='bbox 636 1831 805 1905; x_wconf 80' lang='lat' dir='ltr'><strong>mixtione</strong></span> <span class='ocrx_word' id='word_1_64' title='bbox 819 1850 907 1904; x_wconf 88' lang='lat' dir='ltr'><strong>terra</strong></span> <span class='ocrx_word' id='word_1_65' title='bbox 922 1832 1031 1905; x_wconf 90' lang='lat' dir='ltr'><strong>soluta</strong></span> <span class='ocrx_word' id='word_1_66' title='bbox 1050 1832 1086 1904; x_wconf 89' lang='lat' dir='ltr'><strong>in</strong></span> <span class='ocrx_word' id='word_1_67' title='bbox 1102 1832 1209 1929; x_wconf 81' lang='lat' dir='ltr'><strong>qualis</strong></span> <span class='ocrx_word' id='word_1_68' title='bbox 1223 1833 1405 1907; x_wconf 86' lang='lat' dir='ltr'><strong>reservant.</strong></span> <span class='ocrx_word' id='word_1_69' title='bbox 1420 1841 1495 1933; x_wconf 83' lang='lat' dir='ltr'><strong>Ego</strong></span> <span class='ocrx_word' id='word_1_70' title='bbox 1558 1908 1562 1913; x_wconf 82' lang='grc'><strong>,</strong></span> 
     </span>
     <span class='ocr_line' id='line_1_11' title="bbox 528 1939 1496 2039; baseline 0 -26"><span class='ocrx_word' id='word_1_71' title='bbox 528 1964 619 2014; x_wconf 78' lang='lat' dir='ltr'><strong>vero</strong></span> <span class='ocrx_word' id='word_1_72' title='bbox 643 1940 747 2039; x_wconf 91' lang='lat' dir='ltr'><strong>usque</strong></span> <span class='ocrx_word' id='word_1_73' title='bbox 764 1940 808 2014; x_wconf 92' lang='lat' dir='ltr'><strong>ad</strong></span> <span class='ocrx_word' id='word_1_74' title='bbox 831 1939 961 2013; x_wconf 89' lang='lat' dir='ltr'><strong>serendi</strong></span> <span class='ocrx_word' id='word_1_75' title='bbox 982 1959 1115 2037; x_wconf 90' lang='lat' dir='ltr'><strong>tempus</strong></span> <span class='ocrx_word' id='word_1_76' title='bbox 1129 1940 1197 2014; x_wconf 88' lang='lat' dir='ltr'><strong>fine</strong></span> <span class='ocrx_word' id='word_1_77' title='bbox 1218 1940 1288 2013; x_wconf 93' lang='lat' dir='ltr'><strong>ulla</strong></span> <span class='ocrx_word' id='word_1_78' title='bbox 1306 1965 1388 2013; x_wconf 87' lang='lat' dir='ltr'><strong>cura</strong></span> <span class='ocrx_word' id='word_1_79' title='bbox 1409 1940 1496 2037; x_wconf 83' lang='lat' dir='ltr'><strong>saepe</strong></span> 
     </span>
     <span class='ocr_line' id='line_1_12' title="bbox 530 2049 1496 2148; baseline -0.001 -26"><span class='ocrx_word' id='word_1_80' title='bbox 530 2050 679 2125; x_wconf 83' lang='lat' dir='ltr'><strong>servavi.</strong></span> <span class='ocrx_word' id='word_1_81' title='bbox 698 2051 802 2123; x_wconf 87' lang='lat' dir='ltr'><strong>Locis</strong></span> <span class='ocrx_word' id='word_1_82' title='bbox 822 2050 958 2147; x_wconf 93' lang='lat' dir='ltr'><strong>quidem</strong></span> <span class='ocrx_word' id='word_1_83' title='bbox 972 2049 1261 2148; x_wconf 83' lang='lat' dir='ltr'><strong>qualibuscunque</strong></span> <span class='ocrx_word' id='word_1_84' title='bbox 1276 2050 1496 2146; x_wconf 88' lang='lat' dir='ltr'><strong>proveniunt.</strong></span> 
     </span>
     <span class='ocr_line' id='line_1_13' title="bbox 529 2157 1497 2254; baseline -0.002 -25"><span class='ocrx_word' id='word_1_85' title='bbox 529 2157 643 2232; x_wconf 90' lang='lat' dir='ltr'><strong>sed&amp;</strong></span> <span class='ocrx_word' id='word_1_86' title='bbox 670 2158 781 2253; x_wconf 91' lang='lat' dir='ltr'><strong>pomis</strong></span> <span class='ocrx_word' id='word_1_87' title='bbox 802 2160 839 2230; x_wconf 79' lang='grc' dir='ltr'><strong>δι</strong></span> <span class='ocrx_word' id='word_1_88' title='bbox 861 2157 1064 2242; x_wconf 85' lang='lat' dir='ltr'><strong>frondibus,</strong></span> <span class='ocrx_word' id='word_1_89' title='bbox 1085 2158 1353 2232; x_wconf 87' lang='lat' dir='ltr'><strong>&amp;durabilitate</strong></span> <span class='ocrx_word' id='word_1_90' title='bbox 1374 2158 1497 2254; x_wconf 82' lang='lat' dir='ltr'><strong>praeci-</strong></span> 
     </span>
     <span class='ocr_line' id='line_1_14' title="bbox 531 2257 1497 2362; baseline 0.003 -26"><span class='ocrx_word' id='word_1_91' title='bbox 531 2291 600 2362; x_wconf 92' lang='lat' dir='ltr'><strong>pua</strong></span> <span class='ocrx_word' id='word_1_92' title='bbox 619 2266 715 2354; x_wconf 88' lang='lat' dir='ltr'><strong>sunt,</strong></span> <span class='ocrx_word' id='word_1_93' title='bbox 734 2266 757 2337; x_wconf 86' lang='lat' dir='ltr'>fi</span> <span class='ocrx_word' id='word_1_94' title='bbox 777 2267 905 2337; x_wconf 91' lang='lat' dir='ltr'><strong>coelum</strong></span> <span class='ocrx_word' id='word_1_95' title='bbox 930 2257 1101 2355; x_wconf 61' lang='lat' dir='ltr'><strong>calidum}</strong></span> <span class='ocrx_word' id='word_1_96' title='bbox 1122 2265 1231 2339; x_wconf 92' lang='lat' dir='ltr'><strong>solum</strong></span> <span class='ocrx_word' id='word_1_97' title='bbox 1253 2266 1431 2339; x_wconf 88' lang='lat' dir='ltr'><strong>arenosum</strong></span> <span class='ocrx_word' id='word_1_98' title='bbox 1458 2269 1497 2339; x_wconf 80' lang='lat' dir='ltr'><strong>bc</strong></span> 
     </span>
     <span class='ocr_line' id='line_1_15' title="bbox 531 2372 1499 2469; baseline 0.002 -24"><span class='ocrx_word' id='word_1_99' title='bbox 531 2373 707 2445; x_wconf 86' lang='lat' dir='ltr'><strong>humidum</strong></span> <span class='ocrx_word' id='word_1_100' title='bbox 729 2373 930 2458; x_wconf 86' lang='lat' dir='ltr'><strong>sortiantur:</strong></span> <span class='ocrx_word' id='word_1_101' title='bbox 944 2372 1074 2469; x_wconf 85' lang='lat' dir='ltr'><strong>frigidis</strong></span> <span class='ocrx_word' id='word_1_102' title='bbox 1088 2398 1192 2462; x_wconf 89' lang='lat' dir='ltr'><strong>vero,</strong></span> <span class='ocrx_word' id='word_1_103' title='bbox 1206 2380 1242 2447; x_wconf 81' lang='grc' dir='ltr'><strong>δι</strong></span> <span class='ocrx_word' id='word_1_104' title='bbox 1257 2377 1402 2447; x_wconf 83' lang='lat' dir='ltr'><strong>maxime</strong></span> <span class='ocrx_word' id='word_1_105' title='bbox 1414 2402 1499 2447; x_wconf 90' lang='lat' dir='ltr'><strong>ven·</strong></span> 
     </span>
     <span class='ocr_line' id='line_1_16' title="bbox 532 2481 1498 2579; baseline 0.003 -25"><span class='ocrx_word' id='word_1_106' title='bbox 532 2484 642 2575; x_wconf 85' lang='lat' dir='ltr'><strong>tofis,</strong></span> <span class='ocrx_word' id='word_1_107' title='bbox 664 2482 725 2554; x_wconf 88' lang='lat' dir='ltr'><strong>nist</strong></span> <span class='ocrx_word' id='word_1_108' title='bbox 748 2481 885 2579; x_wconf 73' lang='lat' dir='ltr'><strong>olrjeslu</strong></span> <span class='ocrx_word' id='word_1_109' title='bbox 911 2482 1030 2579; x_wconf 86' lang='lat' dir='ltr'><strong>aliquo</strong></span> <span class='ocrx_word' id='word_1_110' title='bbox 1053 2482 1297 2574; x_wconf 86' lang='lat' dir='ltr'><strong>defendantur,</strong></span> <span class='ocrx_word' id='word_1_111' title='bbox 1314 2486 1498 2558; x_wconf 90' lang='lat' dir='ltr'><strong>intereunt.</strong></span> 
     </span>
     <span class='ocr_line' id='line_1_17' title="bbox 532 2591 1499 2691; baseline -0.002 -22"><span class='ocrx_word' id='word_1_112' title='bbox 532 2591 629 2669; x_wconf 90' lang='lat' dir='ltr'><strong>Dum</strong></span> <span class='ocrx_word' id='word_1_113' title='bbox 646 2610 761 2666; x_wconf 90' lang='lat' dir='ltr'><strong>tenera</strong></span> <span class='ocrx_word' id='word_1_114' title='bbox 778 2592 855 2666; x_wconf 91' lang='lat' dir='ltr'><strong>sunt</strong></span> <span class='ocrx_word' id='word_1_115' title='bbox 867 2593 1040 2691; x_wconf 88' lang='lat' dir='ltr'><strong>germina,</strong></span> <span class='ocrx_word' id='word_1_116' title='bbox 1059 2592 1145 2687; x_wconf 83' lang='lat' dir='ltr'><strong>saepe</strong></span> <span class='ocrx_word' id='word_1_117' title='bbox 1159 2592 1273 2687; x_wconf 85' lang='lat' dir='ltr'><strong>herbis</strong></span> <span class='ocrx_word' id='word_1_118' title='bbox 1287 2593 1499 2667; x_wconf 83' lang='lat' dir='ltr'><strong>circumfossa</strong></span> 
     </span>
     <span class='ocr_line' id='line_1_18' title="bbox 532 2700 1498 2799; baseline -0.002 -23"><span class='ocrx_word' id='word_1_119' title='bbox 532 2703 730 2777; x_wconf 84' lang='lat' dir='ltr'><strong>liberentur.</strong></span> <span class='ocrx_word' id='word_1_120' title='bbox 749 2702 879 2799; x_wconf 87' lang='lat' dir='ltr'><strong>Bimam</strong></span> <span class='ocrx_word' id='word_1_121' title='bbox 894 2701 1041 2799; x_wconf 91' lang='lat' dir='ltr'><strong>plantam</strong></span> <span class='ocrx_word' id='word_1_122' title='bbox 1054 2703 1141 2776; x_wconf 73' lang='lat' dir='ltr'><strong>resle</strong></span> <span class='ocrx_word' id='word_1_123' title='bbox 1155 2700 1394 2776; x_wconf 83' lang='lat' dir='ltr'><strong>transferemus</strong></span> <span class='ocrx_word' id='word_1_124' title='bbox 1408 2703 1498 2776; x_wconf 89' lang='lat' dir='ltr'><strong>scro·</strong></span> 
     </span>
     <span class='ocr_line' id='line_1_19' title="bbox 533 2810 1499 2913; baseline -0.008 -22"><span class='ocrx_word' id='word_1_125' title='bbox 533 2818 578 2893; x_wconf 90' lang='lat' dir='ltr'><strong>be</strong></span> <span class='ocrx_word' id='word_1_126' title='bbox 597 2817 706 2891; x_wconf 76' lang='lat' dir='ltr'><strong>brevi.</strong></span> <span class='ocrx_word' id='word_1_127' title='bbox 726 2817 833 2890; x_wconf 89' lang='lat' dir='ltr'><strong>Neca</strong></span> <span class='ocrx_word' id='word_1_128' title='bbox 852 2814 884 2887; x_wconf 92' lang='lat' dir='ltr'><strong>se</strong></span> <span class='ocrx_word' id='word_1_129' title='bbox 899 2816 1001 2913; x_wconf 85' lang='lat' dir='ltr'><strong>longe</strong></span> <span class='ocrx_word' id='word_1_130' title='bbox 1020 2812 1201 2887; x_wconf 65' lang='lat' dir='ltr'><strong>statuendo</strong></span> <span class='ocrx_word' id='word_1_131' title='bbox 1224 2810 1324 2902; x_wconf 86' lang='lat' dir='ltr'><strong>sunt,</strong></span> <span class='ocrx_word' id='word_1_132' title='bbox 1343 2831 1382 2885; x_wconf 89' lang='lat' dir='ltr'><strong>ut</strong></span> <span class='ocrx_word' id='word_1_133' title='bbox 1404 2813 1499 2884; x_wconf 89' lang='lat' dir='ltr'><strong>invi·</strong></span> 
     </span>
     <span class='ocr_line' id='line_1_20' title="bbox 535 2922 1499 3019; baseline -0.008 -19"><span class='ocrx_word' id='word_1_134' title='bbox 535 2953 611 3001; x_wconf 89' lang='lat' dir='ltr'><strong>cem</strong></span> <span class='ocrx_word' id='word_1_135' title='bbox 631 2927 663 2997; x_wconf 91' lang='lat' dir='ltr'><strong>se</strong></span> <span class='ocrx_word' id='word_1_136' title='bbox 679 2951 699 2996; x_wconf 92' lang='lat' dir='ltr'><strong>a</strong></span> <span class='ocrx_word' id='word_1_137' title='bbox 714 2926 827 2998; x_wconf 89' lang='lat' dir='ltr'><strong>calore</strong></span> <span class='ocrx_word' id='word_1_138' title='bbox 853 2922 933 2995; x_wconf 94' lang='lat' dir='ltr'><strong>solis</strong></span> <span class='ocrx_word' id='word_1_139' title='bbox 952 2922 1124 2996; x_wconf 73' lang='lat' dir='ltr'><strong>excusent.</strong></span> <span class='ocrx_word' id='word_1_140' title='bbox 1149 2923 1400 3019; x_wconf 79' lang='lat' dir='ltr'><strong>Ablaqueandae</strong></span> <span class='ocrx_word' id='word_1_141' title='bbox 1424 2922 1499 2993; x_wconf 90' lang='lat' dir='ltr'><strong>sunt</strong></span> 
     </span>
     <span class='ocr_line' id='line_1_21' title="bbox 535 3029 1501 3127; baseline 0 -25"><span class='ocrx_word' id='word_1_142' title='bbox 535 3057 596 3127; x_wconf 88' lang='lat' dir='ltr'><strong>per</strong></span> <span class='ocrx_word' id='word_1_143' title='bbox 612 3032 847 3111; x_wconf 72' lang='lat' dir='ltr'><strong>audlumnum,</strong></span> <span class='ocrx_word' id='word_1_144' title='bbox 862 3029 975 3101; x_wconf 89' lang='lat' dir='ltr'><strong>&amp;suis</strong></span> <span class='ocrx_word' id='word_1_145' title='bbox 993 3030 1216 3104; x_wconf 83' lang='lat' dir='ltr'><strong>stercorandae</strong></span> <span class='ocrx_word' id='word_1_146' title='bbox 1235 3032 1339 3102; x_wconf 89' lang='lat' dir='ltr'><strong>soliis.</strong></span> <span class='ocrx_word' id='word_1_147' title='bbox 1352 3031 1501 3117; x_wconf 89' lang='lat' dir='ltr'><strong>Putanda</strong></span> 
     </span>
     <span class='ocr_line' id='line_1_22' title="bbox 535 3126 1498 3231; baseline 0 -21"><span class='ocrx_word' id='word_1_148' title='bbox 535 3139 684 3218; x_wconf 83' lang='lat' dir='ltr'><strong>Pensrcus</strong></span> <span class='ocrx_word' id='word_1_149' title='bbox 703 3126 737 3206; x_wconf 86' lang='lat' dir='ltr'><strong>in</strong></span> <span class='ocrx_word' id='word_1_150' title='bbox 753 3138 938 3207; x_wconf 74' lang='lat' dir='ltr'><strong>audiumno</strong></span> <span class='ocrx_word' id='word_1_151' title='bbox 960 3135 1031 3222; x_wconf 86' lang='lat' dir='ltr'><strong>est,</strong></span> <span class='ocrx_word' id='word_1_152' title='bbox 1045 3158 1083 3206; x_wconf 91' lang='lat' dir='ltr'><strong>ur</strong></span> <span class='ocrx_word' id='word_1_153' title='bbox 1097 3138 1188 3208; x_wconf 88' lang='lat' dir='ltr'><strong>arida</strong></span> <span class='ocrx_word' id='word_1_154' title='bbox 1207 3140 1244 3209; x_wconf 76' lang='grc' dir='ltr'><strong>δι</strong></span> <span class='ocrx_word' id='word_1_155' title='bbox 1265 3138 1399 3231; x_wconf 89' lang='lat' dir='ltr'><strong>putrida</strong></span> <span class='ocrx_word' id='word_1_156' title='bbox 1421 3158 1498 3210; x_wconf 88' lang='lat' dir='ltr'><strong>ran-</strong></span> 
     </span>
     <span class='ocr_line' id='line_1_23' title="bbox 536 3242 1499 3341; baseline 0.003 -25"><span class='ocrx_word' id='word_1_157' title='bbox 536 3266 609 3317; x_wconf 85' lang='lat' dir='ltr'><strong>tum</strong></span> <span class='ocrx_word' id='word_1_158' title='bbox 628 3242 774 3341; x_wconf 83' lang='lat' dir='ltr'><strong>virgulta</strong></span> <span class='ocrx_word' id='word_1_159' title='bbox 797 3243 985 3316; x_wconf 88' lang='lat' dir='ltr'><strong>tollantur:</strong></span> <span class='ocrx_word' id='word_1_160' title='bbox 1004 3267 1081 3315; x_wconf 93' lang='lat' dir='ltr'><strong>nam</strong></span> <span class='ocrx_word' id='word_1_161' title='bbox 1095 3244 1118 3314; x_wconf 87' lang='lat' dir='ltr'><strong>sr</strong></span> <span class='ocrx_word' id='word_1_162' title='bbox 1132 3243 1216 3340; x_wconf 88' lang='lat' dir='ltr'><strong>quid</strong></span> <span class='ocrx_word' id='word_1_163' title='bbox 1239 3245 1346 3316; x_wconf 92' lang='lat' dir='ltr'><strong>viride</strong></span> <span class='ocrx_word' id='word_1_164' title='bbox 1370 3247 1499 3319; x_wconf 91' lang='lat' dir='ltr'><strong>resece-</strong></span> 
     </span>
     <span class='ocr_line' id='line_1_24' title="bbox 536 3353 1499 3451; baseline 0.001 -22"><span class='ocrx_word' id='word_1_165' title='bbox 536 3379 637 3444; x_wconf 85' lang='lat' dir='ltr'><strong>mus,</strong></span> <span class='ocrx_word' id='word_1_166' title='bbox 659 3353 787 3429; x_wconf 88' lang='lat' dir='ltr'><strong>arescit.</strong></span> <span class='ocrx_word' id='word_1_167' title='bbox 810 3354 996 3451; x_wconf 85' lang='lat' dir='ltr'><strong>Languenti</strong></span> <span class='ocrx_word' id='word_1_168' title='bbox 1018 3354 1133 3427; x_wconf 90' lang='lat' dir='ltr'><strong>arbori</strong></span> <span class='ocrx_word' id='word_1_169' title='bbox 1155 3355 1280 3428; x_wconf 89' lang='lat' dir='ltr'><strong>veteris</strong></span> <span class='ocrx_word' id='word_1_170' title='bbox 1307 3354 1381 3426; x_wconf 90' lang='lat' dir='ltr'><strong>vini</strong></span> <span class='ocrx_word' id='word_1_171' title='bbox 1400 3356 1499 3430; x_wconf 84' lang='lat' dir='ltr'><strong>saeces</strong></span> 
     </span>
     <span class='ocr_line' id='line_1_25' title="bbox 536 3461 1526 3562; baseline 0.005 -25"><span class='ocrx_word' id='word_1_172' title='bbox 536 3490 633 3560; x_wconf 81' lang='lat' dir='ltr'><strong>aquae</strong></span> <span class='ocrx_word' id='word_1_173' title='bbox 645 3464 764 3537; x_wconf 81' lang='lat' dir='ltr'><strong>mixtas</strong></span> <span class='ocrx_word' id='word_1_174' title='bbox 781 3483 920 3562; x_wconf 88' lang='lat' dir='ltr'><strong>oportet</strong></span> <span class='ocrx_word' id='word_1_175' title='bbox 938 3461 1084 3538; x_wconf 81' lang='lat' dir='ltr'><strong>infundi.</strong></span> <span class='ocrx_word' id='word_1_176' title='bbox 1102 3463 1355 3540; x_wconf 82' lang='lat' dir='ltr'><strong>Affirmantibus</strong></span> <span class='ocrx_word' id='word_1_177' title='bbox 1369 3468 1500 3542; x_wconf 79' lang='lat' dir='ltr'><strong>Graecis</strong></span> <span class='ocrx_word' id='word_1_178' title='bbox 1523 3472 1526 3477; x_wconf 85' lang='grc'>’</span> 
     </span>
     <span class='ocr_line' id='line_1_26' title="bbox 536 3573 1501 3672; baseline 0.006 -23"><span class='ocrx_word' id='word_1_179' title='bbox 536 3573 685 3649; x_wconf 85' lang='lat' dir='ltr'><strong>Persicus</strong></span> <span class='ocrx_word' id='word_1_180' title='bbox 710 3574 831 3670; x_wconf 92' lang='lat' dir='ltr'><strong>scripta</strong></span> <span class='ocrx_word' id='word_1_181' title='bbox 855 3574 1031 3662; x_wconf 90' lang='lat' dir='ltr'><strong>nascetur,</strong></span> <span class='ocrx_word' id='word_1_182' title='bbox 1055 3574 1079 3646; x_wconf 83' lang='lat' dir='ltr'><strong>sr</strong></span> <span class='ocrx_word' id='word_1_183' title='bbox 1102 3575 1170 3647; x_wconf 86' lang='lat' dir='ltr'><strong>ossa</strong></span> <span class='ocrx_word' id='word_1_184' title='bbox 1193 3574 1263 3670; x_wconf 85' lang='lat' dir='ltr'><strong>ejus</strong></span> <span class='ocrx_word' id='word_1_185' title='bbox 1288 3577 1436 3672; x_wconf 86' lang='lat' dir='ltr'><strong>obruas,</strong></span> <span class='ocrx_word' id='word_1_186' title='bbox 1462 3584 1501 3655; x_wconf 91' lang='lat'>&amp;</span> 
     </span>
     <span class='ocr_line' id='line_1_27' title="bbox 536 3680 1500 3781; baseline 0.008 -27"><span class='ocrx_word' id='word_1_187' title='bbox 536 3680 615 3779; x_wconf 87' lang='lat' dir='ltr'><strong>post</strong></span> <span class='ocrx_word' id='word_1_188' title='bbox 636 3681 706 3753; x_wconf 90' lang='lat' dir='ltr'><strong>dies</strong></span> <span class='ocrx_word' id='word_1_189' title='bbox 732 3704 816 3770; x_wconf 85' lang='lat' dir='ltr'><strong>vn,</strong></span> <span class='ocrx_word' id='word_1_190' title='bbox 835 3682 894 3755; x_wconf 91' lang='lat' dir='ltr'><strong>ubi</strong></span> <span class='ocrx_word' id='word_1_191' title='bbox 912 3681 1063 3779; x_wconf 89' lang='lat' dir='ltr'><strong>patefieri</strong></span> <span class='ocrx_word' id='word_1_192' title='bbox 1087 3683 1280 3778; x_wconf 86' lang='lat' dir='ltr'><strong>coeperint,</strong></span> <span class='ocrx_word' id='word_1_193' title='bbox 1301 3689 1424 3781; x_wconf 89' lang='lat' dir='ltr'><strong>apertis</strong></span> <span class='ocrx_word' id='word_1_194' title='bbox 1446 3689 1500 3763; x_wconf 84' lang='lat' dir='ltr'><strong>his</strong></span> 
     </span>
     <span class='ocr_line' id='line_1_28' title="bbox 537 3791 1498 3893; baseline 0.009 -30"><span class='ocrx_word' id='word_1_195' title='bbox 537 3791 683 3870; x_wconf 85' lang='lat' dir='ltr'><strong>nucleos</strong></span> <span class='ocrx_word' id='word_1_196' title='bbox 702 3792 823 3879; x_wconf 88' lang='lat' dir='ltr'><strong>tollas,</strong></span> <span class='ocrx_word' id='word_1_197' title='bbox 842 3796 879 3867; x_wconf 80' lang='grc' dir='ltr'><strong>δι</strong></span> <span class='ocrx_word' id='word_1_198' title='bbox 899 3794 949 3866; x_wconf 90' lang='lat' dir='ltr'><strong>his</strong></span> <span class='ocrx_word' id='word_1_199' title='bbox 966 3794 1160 3881; x_wconf 90' lang='lat' dir='ltr'><strong>cinnabari,</strong></span> <span class='ocrx_word' id='word_1_200' title='bbox 1174 3797 1269 3893; x_wconf 90' lang='lat' dir='ltr'><strong>quod</strong></span> <span class='ocrx_word' id='word_1_201' title='bbox 1290 3798 1427 3886; x_wconf 89' lang='lat' dir='ltr'><strong>libebit,</strong></span> <span class='ocrx_word' id='word_1_202' title='bbox 1442 3799 1498 3871; x_wconf 92' lang='lat' dir='ltr'><strong>in·</strong></span> 
     </span>
     <span class='ocr_line' id='line_1_29' title="bbox 501 3902 1500 4000; baseline 0.012 -27"><span class='ocrx_word' id='word_1_203' title='bbox 501 3949 507 3964; x_wconf 85' lang='lat'><em>-</em></span> <span class='ocrx_word' id='word_1_204' title='bbox 536 3902 673 3975; x_wconf 85' lang='lat' dir='ltr'><strong>scribas.</strong></span> <span class='ocrx_word' id='word_1_205' title='bbox 694 3908 782 3975; x_wconf 83' lang='lat' dir='ltr'><strong>Mox</strong></span> <span class='ocrx_word' id='word_1_206' title='bbox 802 3903 924 4000; x_wconf 82' lang='lat' dir='ltr'><strong>ligatos</strong></span> <span class='ocrx_word' id='word_1_207' title='bbox 945 3904 1041 3975; x_wconf 83' lang='lat' dir='ltr'><strong>stmul</strong></span> <span class='ocrx_word' id='word_1_208' title='bbox 1062 3929 1138 3977; x_wconf 82' lang='lat' dir='ltr'><strong>curn</strong></span> <span class='ocrx_word' id='word_1_209' title='bbox 1152 3903 1218 3977; x_wconf 91' lang='lat' dir='ltr'><strong>suis</strong></span> <span class='ocrx_word' id='word_1_210' title='bbox 1232 3908 1356 3979; x_wconf 77' lang='lat' dir='ltr'><strong>ossibus</strong></span> <span class='ocrx_word' id='word_1_211' title='bbox 1374 3907 1500 3985; x_wconf 85' lang='lat' dir='ltr'><strong>obruas</strong></span> 
     </span>
     <span class='ocr_line' id='line_1_30' title="bbox 506 4002 1500 4111; baseline 0.008 -28"><span class='ocrx_word' id='word_1_212' title='bbox 506 4002 732 4108; x_wconf 79' lang='lat' dir='ltr'><strong>diligentius</strong></span> <span class='ocrx_word' id='word_1_213' title='bbox 752 4010 969 4087; x_wconf 79' lang='lat' dir='ltr'><strong>adhaerentes.</strong></span> <span class='ocrx_word' id='word_1_214' title='bbox 992 4012 1149 4111; x_wconf 86' lang='lat' dir='ltr'><strong>[Genera</strong></span> <span class='ocrx_word' id='word_1_215' title='bbox 1168 4038 1287 4087; x_wconf 91' lang='lat' dir='ltr'><strong>eorum</strong></span> <span class='ocrx_word' id='word_1_216' title='bbox 1311 4017 1387 4088; x_wconf 90' lang='lat' dir='ltr'><strong>sunt</strong></span> <span class='ocrx_word' id='word_1_217' title='bbox 1404 4018 1500 4111; x_wconf 84' lang='lat' dir='ltr'><strong>haec,</strong></span> 
     </span>
     <span class='ocr_line' id='line_1_31' title="bbox 537 4118 1501 4221; baseline 0.01 -32"><span class='ocrx_word' id='word_1_218' title='bbox 537 4118 720 4204; x_wconf 88' lang='lat' dir='ltr'><strong>duracina,</strong></span> <span class='ocrx_word' id='word_1_219' title='bbox 734 4143 918 4215; x_wconf 78' lang='lat' dir='ltr'><strong>praecoqua</strong></span> <span class='ocrx_word' id='word_1_220' title='bbox 938 4120 1082 4212; x_wconf 85' lang='lat' dir='ltr'><strong>Perfica,</strong></span> <span class='ocrx_word' id='word_1_221' title='bbox 1096 4123 1288 4221; x_wconf 83' lang='lat' dir='ltr'><strong>Armenia]</strong></span> <span class='ocrx_word' id='word_1_222' title='bbox 1311 4123 1344 4193; x_wconf 88' lang='lat' dir='ltr'><strong>Si</strong></span> <span class='ocrx_word' id='word_1_223' title='bbox 1358 4124 1432 4197; x_wconf 84' lang='lat' dir='ltr'><strong>haec</strong></span> <span class='ocrx_word' id='word_1_224' title='bbox 1446 4153 1501 4198; x_wconf 92' lang='lat' dir='ltr'><strong>ar·</strong></span> 
     </span>
     <span class='ocr_line' id='line_1_32' title="bbox 535 4228 1499 4332; baseline 0.012 -35"><span class='ocrx_word' id='word_1_225' title='bbox 535 4229 604 4317; x_wconf 78' lang='lat' dir='ltr'><strong>bor</strong></span> <span class='ocrx_word' id='word_1_226' title='bbox 627 4231 748 4302; x_wconf 89' lang='lat' dir='ltr'><strong>ardore</strong></span> <span class='ocrx_word' id='word_1_227' title='bbox 761 4228 841 4332; x_wconf 87' lang='lat' dir='ltr'><strong>solis</strong></span> <span class='ocrx_word' id='word_1_228' title='bbox 855 4228 1030 4319; x_wconf 89' lang='lat' dir='ltr'><strong>inarescit,</strong></span> <span class='ocrx_word' id='word_1_229' title='bbox 1043 4229 1210 4329; x_wconf 83' lang='lat' dir='ltr'><strong>frequenti</strong></span> <span class='ocrx_word' id='word_1_230' title='bbox 1231 4232 1423 4331; x_wconf 77' lang='lat' dir='ltr'><strong>aggestione</strong></span> <span class='ocrx_word' id='word_1_231' title='bbox 1436 4262 1499 4308; x_wconf 90' lang='lat' dir='ltr'><strong>cu·</strong></span> 
     </span>
     <span class='ocr_line' id='line_1_33' title="bbox 536 4336 1497 4441; baseline 0.009 -33"><span class='ocrx_word' id='word_1_232' title='bbox 536 4338 707 4433; x_wconf 87' lang='lat' dir='ltr'><strong>muletur,</strong></span> <span class='ocrx_word' id='word_1_233' title='bbox 723 4338 917 4441; x_wconf 83' lang='lat' dir='ltr'><strong>vespertino</strong></span> <span class='ocrx_word' id='word_1_234' title='bbox 938 4338 1077 4435; x_wconf 84' lang='lat' dir='ltr'><strong>juvetur</strong></span> <span class='ocrx_word' id='word_1_235' title='bbox 1096 4340 1264 4437; x_wconf 89' lang='lat' dir='ltr'><strong>humore,</strong></span> <span class='ocrx_word' id='word_1_236' title='bbox 1280 4336 1420 4438; x_wconf 71' lang='lat' dir='ltr'><strong>objectis</strong></span> <span class='ocrx_word' id='word_1_237' title='bbox 1438 4344 1497 4417; x_wconf 88' lang='lat' dir='ltr'><strong>de·</strong></span> 
     </span>
    </p>
   </div>
   <div class='ocr_carea' id='block_1_5' title="bbox 0 0 1958 5759">
    <p class='ocr_par' dir='ltr' id='par_1_5' title="bbox 0 0 1958 5759">
     <span class='ocr_line' id='line_1_34' title="bbox 0 0 1958 5759; baseline 0 0"><span class='ocrx_word' id='word_1_238' title='bbox 0 0 1958 5759; x_wconf 95' lang='lat' dir='ltr'><strong> </strong></span> 
     </span>
    </p>
   </div>
  </div>
 </body>
</html>
