3875 5759
611 906 796 980 vacem
819 908 856 979 1.
881 908 905 980 1
929 862 1061 979 rests
1085 891 1295 978 11111111.
1359 928 1426 1002 11,

480 1068 571 1142 illam
591 1070 716 1143 venisse
731 1069 909 1153 tristitiam,
922 1058 959 1143 ἃ
972 1068 1095 1142 animal
1113 1053 1345 1144 consuetudini
1359 1067 1431 1165 pria

480 1181 574 1252 slinae
602 1182 666 1254 esse
690 1165 906 1253 reddendum.
933 1182 1006 1251 Nec
1028 1178 1228 1273 ,explorandi
1254 1181 1429 1252 omittatur·

479 1288 636 1362 intentio.
655 1314 731 1360 nam
743 1288 950 1384 frequentius
968 1287 1088 1383 inspici
1102 1286 1259 1360 debet&
1276 1286 1429 1378 cautius,
1512 1347 1521 1358 ,.

443 1418 445 1421 ⁴
481 1400 574 1495 quod
595 1398 693 1472 semel
706 1399 812 1492 coepit
829 1396 893 1469 esse
914 1395 1105 1493 suspeslum.
1135 1431 1147 1468 ·,
1423 1410 1431 1415 ’

531 1510 569 1577 ll.
596 1496 797 1590 Morborum
820 1504 955 1602 quidem
981 1502 1118 1577 diversae
1144 1503 1220 1575 sunt
1239 1495 1432 1599 palliones,'
1527 1578 1532 1592 ,

482 1611 627 1704 seduno
651 1613 795 1713 generali
817 1612 991 1688 vocabulo
1013 1612 1253 1699 continentur,
1276 1611 1369 1704 quod
1387 1612 1432 1696 ab

482 1720 627 1818 antiquis
650 1722 783 1795 malleus
805 1722 1017 1795 nominatum
1039 1721 1109 1811 est,
1127 1720 1194 1815 ipsa
1207 1719 1432 1815 appellatione
1519 1727 1522 1733 “

483 1828 552 1903 vim
567 1830 669 1904 cladis
689 1831 941 1929 periculumque
960 1830 1124 1902 testantes.
1135 1830 1220 1901 Sunt
1237 1847 1347 1898 autern
1360 1828 1433 1924 spe-

482 1938 551 2011 cies
562 1940 672 2012 mallei
690 1963 835 2013 numero
856 1938 1005 2031 septem:
1022 1936 1197 2023 humidus,
1211 1934 1342 2023 aridus,
1356 1936 1434 2009 sub·

482 2065 717 2130 tercuraneus‚
736 2045 947 2133 articularis,
967 2044 1435 2141 elephantiasrs,'subrenalis,'

483 2157 726 2230 sarciminosus.
746 2156 845 2252 Signa
864 2156 1017 2228 omnium
1040 2147 1196 2246 dicamus.
1240 2207 1242 2211 2
1431 2249 1435 2254 ,

422 2339 423 2344 η
533 2266 587 2336 lll.
600 2263 762 2336 Humidus
776 2265 915 2336 morbus
932 2264 1001 2356 est,
1014 2263 1068 2338 cui
1082 2264 1123 2336 de
1137 2265 1271 2339 naribus
1283 2288 1347 2359 pro
1359 2290 1433 2337 mu·

486 2369 533 2444 cis
547 2371 670 2444 humor
680 2370 891 2446 defluitrnale
905 2372 1022 2463 olens,
1035 2375 1073 2448 δι
1086 2374 1214 2470 spissus,
1232 2376 1351 2449 colore
1365 2376 1436 2471 pals

485 2479 566 2551 lido.
595 2479 702 2576 Hujus
729 2501 887 2580 gravatur
916 2502 1045 2581 caput,
1073 2484 1166 2557 oculi
1193 2485 1436 2574 lacrimantur,

485 2591 651 2665 &stridet
672 2592 861 2689 peslus2fit
883 2585 1015 2689 gracilis
1028 2590 1244 2683 horrentibus
1266 2590 1360 2685 pilis,
1373 2589 1436 2671 tri·

485 2698 539 2770 stis
558 2698 710 2793 aspeslu:
728 2725 828 2795 quem
843 2698 1054 2793 profluvium
1073 2697 1212 2769 atticum
1223 2703 1355 2767 veteres
1371 2720 1438 2773 vos

485 2829 657 2879 caverunt.
669 2808 955 2900 Quandocunque
968 2822 1078 2874 autem
1090 2802 1361 2899 sanguinolentus
1373 2802 1439 2873 hu-

487 2936 564 2982 mor
576 2912 749 3006 vel-croco
770 2911 883 2984 fimilis
895 2936 954 3006 per
973 2936 1067 2984 nares
1077 2910 1182 2986 fluere
1196 2908 1338 3008 coeperit
1345 2964 1358 3005 ,
1370 2909 1438 3006 jam

488 3017 679 3094 insanabilis
702 3018 747 3090 est
766 3021 803 3093 δι
821 3020 956 3093 ¹vicinus
976 3020 1091 3096 morti.

537 3129 595 3198 lV.
614 3126 736 3199 Aridus
755 3145 863 3200 autern
882 3129 1020 3202 morbus
1041 3128 1092 3201 his
1116 3128 1305 3228 agnoscitur
1328 3128 1443 3228 lignis:

488 3235 610 3312 Nullus
627 3236 657 3308 ei
678 3261 736 3333 per
753 3262 846 3312 nares
865 3237 964 3334 supra
978 3236 1112 3312 solitum
1136 3240 1261 3312 humor
1283 3260 1410 3313 emanat
1425 3267 1438 3327 ;

488 3344 626 3441 suspirat
645 3363 757 3420 tamen
779 3339 947 3445 graviter,
972 3350 1009 3421 δι
1036 3372 1133 3422 nares
1153 3347 1253 3421 babet
1278 3348 1438 3421 extensas.

488 3453 546 3527 ilia
571 3455 724 3529 curvabit
748 3454 964 3543 intrinsecus,
985 3459 1021 3528 &
1044 3456 1309 3531 contractionem
1335 3456 1438 3552 spinae

489 3563 714 3662 duritiamque
730 3565 883 3661 patietur.
903 3565 1042 3638 tesliculi
1059 3565 1132 3661 ejus
1145 3566 1191 3641 ita
1209 3545 1439 3665 subllringun·

490 3689 565 3762 tur,
585 3690 623 3745 ut
643 3698 801 3769 apparere
820 3674 881 3747 vix
893 3666 1028 3769 'poffinr
1044 3674 1111 3746 cibi
1125 3675 1282 3771 parcior,
1301 3673 1440 3749 bibendi

490 3779 703 3876 appetentior
725 3779 809 3853 ultra
831 3804 974 3854 morem.
998 3803 1136 3876 propter
1158 3781 1252 3879 quod
1277 3782 1439 3876 pulmone

492 3886 616 3961 siccato
626 3939 639 3974 ‚
659 3886 826 3960 internum
846 3887 970 3982 patitur
982 3888 1149 3961 ardorem.
1167 3888 1264 3961 tensis
1280 3886 1388 3961 oculis
1401 3886 1437 3958 in

493 3995 671 4093 obliquum
693 3995 852 4092 respicit,
877 4022 939 4070 nec
960 3996 1057 4070 facile
1078 3999 1185 4078 cubet.
1211 3998 1311 4070 Hunc
1334 3994 1438 4091 suspi-

495 4101 580 4174 rium
599 4105 737 4180 uocant¹
749 4108 788 4179 &
806 4106 1044 4198 insanabilem,
1067 4104 1129 4179 nist
1147 4106 1189 4179 ab
1204 4106 1303 4179 initio
1320 4102 1437 4177 festina
1537 4175 1569 4202 7„

497 4210 669 4286 curatione
692 4214 893 4289 subveneris.

545 4316 588 4394 V.
611 4318 887 4398 Subtercutaneus
910 4322 1051 4415 morbus
1072 4339 1183 4400 autem
1206 4317 1259 4394 bis
1283 4302 1438 4442 prpditur
