3875 5759
531 883 1433 1014 uarnnannrrnusrau'

528 1060 706 1158 caelamina
727 1058 842 1133 divifis
860 1083 976 1133 cannae
1003 1055 1207 1131 internodiis
1229 1055 1453 1131 defendantur
1476 1086 1494 1131 a

525 1159 668 1273 frigore.
689 1171 724 1245 Si
737 1196 900 1247 cacumen
911 1170 999 1244 velis
1014 1194 1162 1265 ponere,
1175 1168 1352 1244 trisulcum
1365 1195 1496 1245 ramum

385 1283 388 1291 ’
525 1284 657 1359 bimum
678 1281 735 1356 vel
759 1281 897 1354 trimum
915 1281 957 1354 ab
977 1278 1107 1352 australi
1129 1298 1221 1376 parte
1235 1278 1383 1365 decidas,
1397 1281 1437 1354 δι
1450 1281 1501 1355 sio

528 1394 678 1482 obrues,
699 1407 739 1464 ut
749 1388 857 1464 divisa
870 1388 1056 1467 cacumina
1066 1413 1153 1464 terra
1168 1386 1387 1484 interjacente
1400 1389 1497 1464 velut

528 1520 596 1577 tres
615 1501 769 1577 furculos
790 1500 944 1602 reddant.
963 1499 1101 1573 Taleam
1122 1497 1167 1571 src
1183 1522 1374 1594 ponemus,
1389 1519 1428 1573 ut
1442 1526 1495 1574 ce·

526 1612 684 1702 tera,cui
697 1612 823 1686 leviter
835 1612 879 1685 ab
891 1607 1007 1683 infima
1018 1631 1113 1708 parte
1125 1607 1241 1682 divisa
1251 1608 1395 1705 lapidem
1411 1635 1497 1683 mer-

525 1721 647 1819 gen'rus
671 1721 708 1794 in
726 1719 811 1793 fisso.
842 1724 918 1819 Ego
941 1718 1054 1792 mense
1082 1717 1266 1791 Februario
1288 1717 1412 1792 ultimo
1439 1720 1499 1793 vel

527 1829 656 1905 Martio
678 1830 714 1903 in
733 1830 828 1904 ltalia
843 1829 975 1926 plantas
989 1828 1131 1928 g'randes
1153 1825 1299 1902 ficorum
1319 1852 1379 1922 per
1393 1829 1498 1925 pasti·

525 1959 644 2015 natum
667 1940 777 2014 folum
800 1938 947 2037 disposui
961 1994 973 2028 ,
985 1942 1024 2012 δι
1036 1963 1082 2011 eo
1100 1962 1194 2011 anno
1213 1961 1315 2034 poma
1336 1963 1498 2035 peperere

527 2049 627 2147 supra
654 2046 969 2150 comprehendendi
1000 2046 1224 2134 felicitatem,
1250 2047 1346 2119 velut
1370 2047 1498 2124 tributa

526 2147 714 2231 reddentes.
724 2156 892 2256 Legenda
905 2153 983 2228 sunt
996 2154 1141 2250 plantae,
1155 2154 1192 2226 in
1202 2152 1327 2250 quibus
1338 2152 1498 2253 frequens

528 2264 640 2338 nodus
662 2263 867 2337 extuberat:
890 2261 1021 2346 steriles,
1045 2264 1250 2350 creduntur,
1278 2288 1355 2358 quae
1382 2263 1497 2337 nitidae

528 2373 629 2463 sunt,
648 2377 687 2447 δι
706 2371 831 2446 oculos
847 2369 929 2444 suos
946 2397 1007 2465 per
1027 2371 1132 2468 longa
1152 2372 1344 2446 internodia
1359 2375 1498 2447 distule-

401 2482 406 2488 ’
528 2507 620 2563 runt.
638 2487 673 2562 Si
691 2488 838 2583 plantam
850 2483 906 2559 fici
925 2485 1020 2581 prius
1038 2486 1168 2559 nutrias
1186 2485 1223 2557 in
1243 2485 1443 2578 seminario,
1458 2494 1497 2565 δι

331 2648 336 2660 -
402 2633 404 2638 >
528 2614 695 2680 maturam
714 2594 893 2702 transferas
910 2594 948 2668 in
964 2593 1141 2684 scrobem,
1156 2618 1259 2691 poma
1281 2598 1497 2695 generosora

527 2707 708 2805 producet.
731 2706 849 2805 Aliqui
874 2704 1020 2798 multum
1040 2705 1196 2801 prodesse
1219 2705 1448 2792 confirmant,
1472 2710 1495 2779 fr

528 2812 680 2911 plantam
702 2810 758 2889 fici
785 2811 900 2885 diviso
925 2811 1055 2910 squillae
1069 2810 1187 2884 bulbo
1214 2812 1395 2889 interfitam
1421 2818 1497 2890 stri·

529 2920 684 3019 fiamque
706 2923 856 2997 vinculis
877 2920 1103 3018 collocemus.
1122 2922 1269 2997 Scrobes
1287 2942 1376 2995 amat
1391 2923 1494 3016 altas,

526 3026 710 3101 intervalla
728 3025 881 3123 majora,
900 3048 999 3100 terrae
1020 3054 1125 3126 genus
1138 3030 1281 3117 durum,
1296 3032 1334 3104 &
1348 3033 1493 3127 gracile,

527 3138 568 3211 δι
588 3135 713 3209 siccum
731 3161 798 3234 pro
821 3137 897 3209 utili
923 3136 1255 3235 saporepomorum.
1277 3140 1497 3232 provenit&

529 3245 675 3344 petrofis
702 3264 803 3343 atque
833 3246 979 3344 asperis:
1008 3265 1119 3322 tamen
1144 3247 1255 3343 potest
1283 3245 1367 3320 locis
1386 3274 1497 3345 prope

528 3354 691 3430 omnibus
705 3357 780 3432 seri.
799 3383 877 3455 quae
891 3358 927 3432 in
942 3358 1115 3432 montanis
1136 3355 1315 3455 &frigidis
1329 3357 1415 3431 locis
1438 3388 1497 3433 na·

529 3467 668 3544 scuntur
678 3520 690 3559 ,
702 3467 782 3567 quia
794 3468 908 3543 minus
920 3469 1013 3549 lauis
1026 3467 1172 3559 habent,
1186 3467 1228 3542 ad
1240 3467 1423 3544 siccitatem
1438 3473 1498 3544 du·
1546 3549 1548 3555 ,

527 3603 606 3653 rare
628 3604 701 3651 non
723 3579 885 3676 possunt:
906 3581 984 3668 usus
1003 3581 1075 3655 illis
1087 3582 1123 3656 in
1138 3575 1241 3656 viridi
1260 3582 1307 3655 est
1320 3637 1332 3673 ‚
1346 3584 1498 3658 melioris

528 3690 791 3789 magnitudinis,
810 3691 849 3766 δι
871 3694 999 3790 saporis
1016 3685 1141 3793 arguti.
1159 3719 1236 3791 quae
1256 3695 1439 3770 nascuntur
1460 3697 1497 3767 in

528 3799 656 3897 campis
676 3801 715 3876 δι
736 3802 823 3875 locis
842 3801 985 3894 calidis,
1006 3806 1044 3879 &
1064 3801 1261 3900 pinguiores
1288 3802 1387 3891 sunt,
1404 3807 1440 3876 δι
1459 3804 1496 3875 in

526 3906 675 3986 ficcitate
688 3909 867 3984 durabiles.
877 3913 912 3983 Si
925 3936 1048 4011 genera
1061 3935 1238 3985 numerare
1252 3910 1417 3998 velimus,
1433 3909 1498 3981 im·

526 4018 682 4096 mensum
705 4018 775 4093 est:
797 4019 940 4113 sufficit,
958 4021 1057 4120 quod
1074 4020 1236 4095 omnibus
1251 4045 1349 4117 aequa
1363 4020 1496 4096 cultura

528 4125 666 4204 eflilla
687 4105 841 4203 dislabtia
863 4130 929 4219 etl,
950 4133 1046 4230 quod
1066 4130 1101 4203 in
1122 4131 1253 4205 (laricis
1279 4129 1398 4204 melius
1421 4130 1497 4216 alba

466 4307 468 4310 .
528 4233 693 4326 servatur:
706 4237 742 4311 in
754 4239 841 4315 locis
860 4241 964 4315 nimie
982 4240 1112 4339 frigidis
1130 4265 1329 4339 praecoquas
1347 4238 1430 4315 ficus
1444 4240 1496 4315 ses

528 4368 657 4438 ramus,
667 4373 744 4446 quae
759 4350 831 4425 cito
847 4350 1009 4441 veniant,
1025 4369 1065 4425 ut
1078 4368 1155 4426 ante
1168 4352 1292 4426 imbres
1307 4374 1413 4450 genus
1424 4349 1503 4426 hoc

778 4461 781 4465 ¹
814 4463 817 4470 '
1440 4465 1454 4501 Ι
