3875 5759
634 924 738 997 utu.
786 921 859 993 tv,
909 912 1273 990 uaurtus.
1348 873 1438 1012 '125

480 1079 532 1155 tio
548 1080 594 1154 ell
615 1078 805 1167 domandi,
824 1096 862 1151 ut
887 1077 1041 1174 asperum
1061 1076 1189 1152 bovem
1209 1073 1382 1148 mansueto
1405 1077 1445 1150 &

454 1189 460 1193 ’
480 1192 597 1265 valido
620 1191 708 1263 bovi
731 1188 942 1286 conjungas,
965 1214 1038 1287 quo
1060 1188 1256 1261 ostendente
1280 1185 1377 1261 facile
1402 1185 1446 1260 ad

480 1299 599 1373 omnia
620 1318 762 1397 cogetur
779 1299 904 1371 officia.
926 1298 960 1369 Si
984 1296 1060 1393 poll
1075 1296 1281 1368 domituram
1305 1295 1445 1367 decum-

480 1410 532 1482 bit
553 1410 595 1480 in·
607 1407 721 1498 sulco,
734 1432 806 1481 non
825 1406 991 1481 afficiatur
1009 1408 1112 1505 igne,
1133 1406 1192 1477 vel
1211 1404 1376 1483 verbere:
1391 1403 1446 1475 sed

480 1518 621 1612 potius,
634 1542 712 1591 cum
733 1515 925 1606 decumbit,
939 1514 1040 1611 pedes
1056 1513 1126 1607 ejus
1140 1514 1187 1585 ita
1199 1513 1346 1611 ligentur
1369 1513 1447 1583 vin·

482 1625 593 1714 culis,
618 1644 657 1699 ut
677 1649 749 1697 non
764 1624 866 1721 pollit
881 1622 1039 1721 progredi
1060 1640 1117 1695 aut
1140 1622 1248 1710 stare,
1266 1619 1323 1694 vel
1346 1619 1447 1717 pasci.

482 1738 568 1828 Quo
589 1734 704 1821 facto,
726 1734 777 1807 liti
800 1758 840 1806 ac
858 1732 946 1805 fame
965 1733 1097 1806 lassatus
1111 1732 1237 1806 carebit
1255 1733 1326 1807 hoc
1345 1730 1448 1807 vitio.

531 1848 624 1919 Xlll.
648 1846 727 1917 Hoc
747 1843 861 1916 meuse
879 1841 1019 1940 saginati
1040 1869 1079 1915 ac
1098 1841 1178 1936 pasti
1201 1859 1279 1913 ante
1292 1841 1448 1914 admilla·

484 1953 527 2026 tii
546 1954 699 2052 generofi
712 1956 865 2051 equabus
876 1953 1074 2025 admittendi
1091 1951 1184 2038 lunt,
1198 1952 1237 2024 δι
1250 1952 1385 2047 repletis
1397 1950 1449 2024 fe·

484 2065 610 2153 minis,
640 2065 720 2135 item
748 2063 791 2136 ad
815 2064 940 2135 llabula
967 2060 1161 2159 colligendi.
1186 2061 1308 2158 Neque
1332 2085 1450 2134 tamen

484 2174 650 2268 aequalem
663 2197 841 2244 numerum
855 2172 1015 2245 omnibus
1027 2173 1188 2244 debemus
1200 2171 1379 2258 adhibere,
1392 2170 1450 2243 sed

425 2311 430 2317 ·
484 2280 655 2352 aestimatis
674 2279 805 2353 viribus
824 2280 1086 2379 uniuscujusque
1101 2280 1296 2372 admillarii,
1310 2280 1450 2355 submit·

486 2389 587 2461 tenda
606 2388 683 2460 suot
695 2415 800 2485 pauca
817 2390 874 2465 vel
896 2390 1075 2463 numerosa
1093 2390 1276 2488 conjugia,
1294 2408 1370 2489 q'uae
1397 2416 1450 2463 res

484 2496 610 2572 efficiet
627 2496 834 2570 admillatios
849 2522 922 2569 non
942 2523 1048 2591 parva
1063 2514 1160 2568 aetate
1176 2499 1307 2571 durare.
1326 2500 1449 2573 luveni

485 2625 598 2679 tamen
614 2630 708 2703 equo
722 2610 762 2681 δι
774 2607 905 2681 viribus
918 2606 1098 2701 formaque
1111 2606 1277 2679 conllanti
1292 2630 1364 2678 uon
1379 2632 1450 2679 am-

486 2715 576 2811 plius
595 2739 699 2811 quam
720 2715 903 2786 duodecim
924 2715 982 2786 vel
995 2714 1190 2810 quindecim
1212 2715 1371 2785 debemus
1388 2719 1451 2784 ad·

487 2825 647 2922 mittere,
665 2827 784 2898 ceteris
805 2848 871 2921 pro
890 2824 1054 2921 qualitate
1076 2823 1202 2894 virium
1220 2821 1363 2894 suarum.
1386 2824 1453 2894 Sed

429 3029 434 3038 ι
490 2933 527 3003 in
549 2934 738 3005 admiffario
757 2958 903 3031 quatuor
925 2934 1099 3031 spectanda
1120 2933 1222 3021 sunt,
1244 2932 1356 3006 forma
1364 2939 1453 3019 ‚'co·

491 3039 569 3128 lor,
590 3043 768 3132 meritum,
794 3045 1024 3140 pulchritudo.
1050 3047 1088 3116 lu
1112 3044 1222 3116 forma
1244 3044 1313 3118 hoc
1335 3044 1453 3140 seque-

491 3177 585 3239 mur,
598 3152 724 3224 vatlum
739 3178 865 3251 corpus
877 3160 915 3230 δι
927 3158 1095 3245 solidum,
1106 3157 1226 3228 robori
1238 3158 1454 3229 conveniens

489 3264 654 3351 altitudo,
666 3265 750 3336 latus
764 3266 1010 3364 longissimum,
1023 3268 1163 3340 maximi
1176 3272 1214 3341 δι
1229 3269 1365 3341 rotundi
1378 3270 1455 3342 clu·

490 3398 572 3460 nm,
585 3376 701 3468 pedus
726 3376 792 3446 late
813 3397 949 3470 patens,
965 3382 1003 3452 δι
1019 3402 1145 3471 corpus
1163 3401 1267 3449 omne
1285 3375 1456 3450 musculo·

490 3507 569 3553 rum
592 3484 751 3558 deufitate
770 3485 962 3570 nodosum,
984 3511 1043 3581 pec
1059 3487 1166 3559 liccus
1184 3488 1223 3559 δι
1245 3486 1392 3574 solidus,
1413 3490 1454 3560 ὅ(

492 3617 605 3667 cornu
625 3618 783 3684 concavo
796 3596 895 3669 altius
917 3596 1086 3668 calciatus.
1098 3595 1360 3668 pulchritudiuis
1376 3621 1454 3690 par·

493 3723 544 3775 tes
559 3703 614 3772 hae
635 3702 730 3775 lunt:
742 3724 780 3775 ut
792 3704 831 3776 lit
843 3707 1004 3801 exiguum
1018 3724 1139 3799 caput,
1155 3708 1193 3778 δι
1207 3705 1350 3796 siccum,
1366 3704 1455 3795 pelle

493 3812 747 3909 propemodm
765 3814 845 3885 solis
857 3815 983 3885 offibus
1001 3814 1212 3898 adhaerente,
1224 3835 1319 3883 aures
1332 3812 1455 3882 breves

494 3926 531 3993 δι
558 3941 711 4017 argute,
730 3922 824 3992 oculi
847 3923 984 4020 magni,
1004 3909 1101 3993 nares
1128 3922 1274 4016 patulae,
1289 3942 1388 3991 coma
1414 3920 1456 3992 ὅ(

496 4029 602 4097 cauda
616 4026 805 4121 profitlior,
819 4030 1017 4124 ungularum
1038 4026 1144 4098 solida
1165 4031 1203 4100 &
1215 4024 1281 4095 fixa
1295 4024 1455 4093 rotundi·

498 4151 557 4202 tas
586 4137 792 4225 [Meritum
811 4158 851 4208 ut
873 4138 911 4208 fit
929 4139 1038 4208 audax
1061 4137 1199 4221 animo,
1218 4132 1359 4227 pedibus
1383 4132 1457 4202 ala·

498 4239 587 4324 cris,
600 4246 821 4315 trementibus
838 4246 998 4317 membris
1009 4296 1021 4333 ,
1032 4246 1125 4338 quod
1139 4244 1183 4313 etl
1197 4237 1358 4309 indicium
1378 4236 1455 4310 for·

500 4349 676 4440 titudinis,
695 4352 823 4452 quique
836 4379 878 4426 ex
898 4356 1024 4433 summa
1047 4356 1161 4454 quiete
1178 4348 1278 4423 facile
1300 4349 1456 4424 concite·
