3875 5759
651 847 757 928 LIB.
805 848 895 920 Vll.
943 786 1295 921 smmi-’25
1330 877 1333 881 “
1366 809 1429 946 tit
1522 903 1525 908 Δ

464 1005 534 1084 hoc
545 1003 650 1102 futuri
663 1006 748 1103 regis
764 1007 892 1104 fignum
905 1033 914 1079 r
928 1010 1018 1079 Inter
1036 1003 1344 1094 cereraiorrnina,
1358 1029 1434 1105 quae

464 1114 577 1209 pullos
589 1105 789 1205 continent,
805 1140 909 1188 unum
921 1115 1077 1212 majusac
1089 1113 1224 1215 longius
1236 1115 1333 1190 velut
1347 1118 1433 1191 ubet

464 1243 611 1318 apparet.
632 1226 697 1296 Sed
711 1242 800 1302 ,tunc
817 1226 1039 1304 transferendi
1060 1228 1156 1317 sunt,
1172 1228 1312 1324 quando
1328 1228 1433 1302 erofis

464 1334 680 1428 cooperculis
705 1337 748 1408 ad
770 1335 973 1409 nascendum
998 1338 1119 1410 maturi
1141 1338 1252 1433 capita
1277 1338 1439 1412 nituntur

465 1441 650 1518 exserere:
675 1472 752 1518 nam
781 1446 806 1518 fi
832 1447 1032 1535 immaturos
1057 1448 1290 1536 transtuleris,
1312 1447 1433 1522 interi»

463 1550 562 1624 bunt.
578 1553 612 1625 Si
629 1572 739 1628 autem
755 1554 788 1629 se
804 1555 1094 1630 subitum-levabit
1112 1583 1274 1643 examen,
1290 1557 1432 1652 strepitu
1541 1649 1546 1658 f

463 1661 539 1731 aeris
570 1682 755 1755 terreatur,
783 1684 843 1739 aut
874 1665 1003 1738 testulae
1021 1693 1034 1737 -ε
1060 1686 1143 1739 tunc
1175 1667 1216 1738 ad
1242 1667 1431 1740 alvearium

462 1771 607 1861 redibit,
628 1792 687 1846 aut
707 1772 742 1845 in
764 1773 921 1868 proxima
939 1771 1062 1844 fronde
1084 1771 1267 1867 pendebit,
1291 1776 1330 1846 δι
1351 1774 1431 1848 inde

462 1873 498 1951 in
520 1908 654 1960 novum
682 1910 744 1957 vas
762 1886 877 1956 herbis
901 1882 1072 1956 consueris
1089 1887 1126 1955 &
1150 1881 1250 1952 melle
1269 1882 1432 1977 consper-

430 2079 432 2082 .
462 1989 533 2063 sum
554 2019 657 2065 manu
677 1993 883 2080 attrahatur,
897 2009 955 2062 aut
966 1991 1085 2082 trulla,
1097 1992 1134 2064 dt
1149 2016 1226 2064 cum
1241 1990 1277 2061 in
1289 2016 1333 2064 eo
1346 1992 1432 2066 loco

461 2100 693 2193 requieverit,
717 2100 857 2195 vespere
872 2099 961 2171 inter
977 2098 1040 2172 alia
1061 2100 1266 2174 collocetur.

346 2259 363 2271 ..
469 2249 471 2253 -
512 2210 599 2279 Vlll.
617 2208 696 2281 Hoc
711 2208 810 2281 etiam
831 2208 944 2280 mense
968 2209 1165 2305 pavimenta
1184 2207 1358 2284 faciemus..
1369 2207 1431 2283 sub

464 2314 549 2388 divo
571 2319 610 2392 δι
629 2317 773 2405 lateres,
799 2342 894 2391 more
904 2344 920 2409 ‚·
938 2344 1010 2416 quo
1031 2318 1113 2393 dixi.
1222 2369 1225 2376 «

511 2427 573 2527 IX,
586 2418 868 2520 Gtaecialletunt,
884 2430 1148 2527 AEgyptio's‘hoc
1162 2450 1260 2504 more
1271 2425 1429 2527 proven-

462 2552 534 2608 tum
553 2537 660 2611 futuri
678 2537 840 2637 cujusque
856 2540 1000 2646 'seminis
1018 2540 1186 2634 experiris
1205 2543 1329 2610 Arcam
1350 2538 1430 2610 bre-

461 2670 542 2717 vem
565 2646 646 2721 loco
672 2649 808 2719 subadlo
828 2650 867 2718 &
892 2646 1037 2716 humido
1061 2671 1152 2717 nunc
1173 2646 1365 2732 excolunt,
1391 2648 1430 2719 &

461 2751 498 2827 in
516 2780 554 2826 ea
573 2754 689 2827 divisis
707 2754 819 2848 spatiis
834 2753 949 2823 omnia
969 2751 1132 2823 frumenti
1153 2752 1209 2824 vel
1222 2751 1431 2846 leguminum

460 2848 588 2934 semina
601 2861 766 2959 spargunt.
781 2856 919 2935 Deinde
933 2862 968 2931 in
983 2878 1064 2955 ortu
1075 2859 1329 2957 caniculae„qui
1342 2860 1432 2955 apud

463 2972 643 3047 Romanos
663 2971 924 3071 quartodecimo
951 2974 1180 3047 Kalendarum
1204 2968 1431 3069 Augustarum

463 3083 519 3155 die
539 3101 695 3176 tenetur,
721 3085 927 3179 explorant,
954 3111 1031 3183 quae
1053 3083 1176 3157 semina
1202 3100 1316 3172 ortum
1343 3079 1433 3153 srdus

462 3210 599 3280 exurat,
614 3218 692 3293 qpae
704 3191 805 3264 illesa
825 3192 1001 3268 custodiat.
1015 3194 1067 3267 his
1080 3192 1268 3281 abstinent,
1279 3190 1333 3263 illa
1348 3214 1430 3287 pro·

462 3320 602 3387 curant3
621 3302 702 3400 quia
724 3302 888 3377 indicium
903 3329 1005 3377 noxae
1020 3323 1078 3378 aut
1101 3301 1280 3390 beneficii,
1296 3326 1355 3397 per
1366 3324 1429 3373 an-

462 3437 546 3483 num
567 3411 715 3485 futurum
734 3412 849 3508 generi
869 3414 1177 3511 unicuique,fidus
1190 3411 1319 3487 aridum
1339 3435 1429 3506 ptae·

464 3520 549 3594 senti
569 3515 678 3596 exitio
701 3522 881 3594 velasalute
897 3526 1066 3617 praentisrt.

488 3661 491 3666 ¹
515 3632 563 3704 X.
582 3633 645 3704 Pet
660 3630 728 3702 olei
747 3632 847 3703 libras
862 3631 1005 3729 singulas
1020 3631 1225 3706 chamaemeli
1240 3630 1352 3705 herbae
1364 3626 1429 3701 llo·

391 3750 395 3757 '
465 3737 569 3811 tentis
595 3763 727 3832 auream
757 3739 969 3811 medietatem
983 3794 997 3829 ,
1022 3739 1181 3836 projedis
1205 3740 1288 3812 albis
1315 3738 1430 3820 foliis,
1460 3767 1467 3797 ,·

396 3933 400 3941 ἱ
467 3849 591 3946 quibus
602 3848 677 3937 ,llos
694 3850 860 3934 ambitur,
879 3849 1055 3923 unciarum
1078 3850 1280 3947 singularum
1295 3847 1430 3940 pondus

468 3955 645 4043 infundis,
667 3957 936 4054 &quadraginta
951 3957 1070 4030 diebus
1088 3958 1124 4028 in
1140 3955 1210 4029 sole
1235 3953 1429 4028 constitues.

517 4068 579 4138 XI.
599 4062 678 4162 [Dr
693 4070 862 4160 oenanthe]
883 4066 1056 4139 Silvestres
1071 4090 1177 4153 uvas,
1192 4089 1268 4137 cum
1283 4060 1431 4152 florent,-

469 4173 539 4248 srn'e
569 4201 648 4249 rore
674 4168 866 4273 colligimus
894 4179 933 4250 &
961 4175 1184 4273 expandimus
1210 4171 1246 4241 in
1272 4169 1367 4261 sole,
1385 4193 1429 4246 nc

470 4283 562 4390 quid
576 4285 675 4360 rellet
696 4286 875 4382 humoris,
903 4291 941 4363 δι
956 4286 1021 4363 flos
1043 4288 1084 4362 ad
1104 4280 1343 4462 exclgtiendum
1364 4281 1426 4359 stc·

560 4390 566 4420 ²
1219 4415 1244 4481 4
