3875 5759
600 865 732 937 ansts
761 861 973 939 vernam.
1000 865 1098 939 srva
1123 789 1310 945 taurona.
1364 897 1431 965 401
1542 833 1556 907 ·.
1589 955 1615 1028 j

482 1023 595 1099 dabis.
586 1026 770 1120 ·hordeum
788 1044 859 1102 non
874 1027 1020 1118 dederis,
1035 1028 1095 1100 nist
1113 1027 1257 1105 sortassrs
1270 988 1437 1131 infusum,

481 1134 660 1230 denegabis
679 1134 792 1208 etiam
802 1137 939 1209 herbam
964 1137 1130 1227 viridem,
1153 1139 1263 1215 donec
1284 1168 1437 1242 reparare

482 1243 628 1334 coeperit
644 1268 779 1339 corpus.

530 1354 618 1430 LVl.
642 1354 770 1427 Isierici
791 1354 851 1427 itta
870 1352 945 1428 sunt
963 1354 1075 1455 signat
1096 1357 1200 1432 Oculi
1224 1360 1372 1455 virides,
1395 1305 1447 1443 de¹

482 1463 604 1559 quibus
624 1464 772 1559 profluet
789 1465 978 1561 lippitudo,
995 1469 1036 1540 ad
1059 1468 1308 1546 similitudinem
1330 1475 1413 1549 sabae
1428 1502 1451 1552 r·-

483 1571 663 1648 indurescit
674 1575 822 1664 corium,
837 1573 874 1646 sit
888 1576 1064 1648 horridum
1079 1577 1174 1672 pilis,
1189 1580 1375 1677 insequitur
1390 1585 1441 1660 sa·
1528 1597 1533 1616 '

483 1682 628 1779 rigatio,
649 1686 820 1757 ambulans
841 1688 980 1783 genibus
1003 1686 1215 1761 claudicabit.
1232 1690 1293 1764 His
1308 1694 1441 1768 sanabi-

483 1806 540 1860 tur
560 1794 715 1868 medelis:
736 1796 874 1867 Panacis
894 1793 1054 1892 Syriatici
1075 1795 1195 1889 &apii
1217 1796 1348 1872 seminis
1371 1803 1441 1875 fin-

439 1895 443 1908 “
483 1902 578 1997 gulas
592 1904 688 1976 libras
700 1905 906 1978 contundito
918 1922 1020 1997 atque
1037 1899 1205 1994 cribrato,
1217 1907 1254 1979 δι
1267 1932 1343 2009 cum
1358 1913 1442 1984 mel·

483 2012 533 2083 lis¹
546 2014 756 2100 Atrici‚·libra
776 2012 939 2100 misceto,
959 2030 1040 2084 tunc
1059 2036 1169 2107 aquae,
1193 2015 1228 2085 in
1244 2040 1311 2111 qua
1330 2016 1442 2112 lupini
1555 1994 1556 1997 Ἴ

485 2122 579 2193 crudi
601 2122 726 2193 fuerint
750 2119 905 2206 decosli,
930 2119 1097 2209 sext'atio,
1122 2146 1164 2193 ex
1192 2123 1452 2199 medicamento

484 2231 634 2351 superius
661 2228 855 2325 descripto,
876 2251 1022 2327 quatuor
1049 2233 1236 2342 cochlearia
1265 2236 1444 2331 miscebis,
1548 2269 1550 2273 ⁷
1611 2307 1614 2314 ,

485 2338 559 2411 bt
549 2365 584 2409 rn
611 2337 754 2435 potione
776 2341 869 2412 dabis
892 2366 952 2437 per
975 2323 1052 2414 dies
1069 2343 1245 2442 quinque.
1256 2346 1291 2417 Si
1315 2347 1441 2421 tardius

484 2449 646 2574 adjuvat,
666 2451 739 2523 vim
730 2450 917 2525 sextarios
935 2476 1002 2526 tres
1024 2453 1058 2525 in
1081 2453 1228 2549 pultario
1251 2480 1368 2544 novo,
1384 2482 1445 2529 ca·
1462 2467 1465 2472 ’

484 2559 558 2632 nini
582 2560 736 2635 stercoris
755 2560 821 2633 albi
835 2560 950 2633 uncias
967 2582 1034 2635 tres
1048 2560 1232 2633 admiscero
1245 2613 1257 2647 ,
1269 2565 1306 2635 δι
1318 2564 1443 2658 ponito

485 2669 548 2744 sub
567 2670 673 2756 divo,
694 2695 736 2741 ex
756 2690 823 2763 qua
841 2667 984 2761 potione
1004 2666 1154 2763 quinque
1177 2667 1304 2743 diebus
1318 2693 1378 2764 per
1403 2693 1445 2742 os

487 2766 632 2873 degeres.
654 2780 815 2849 Praeterea
841 2799 985 2870 aquam,
1011 2774 1048 2842 in
1076 2797 1141 2866 qua
1166 2773 1291 2846 ciceres
1311 2776 1446 2851 decocti

486 2881 635 2967 suerint,
654 2884 692 2953 &
704 2879 828 2951 slercus
842 2879 1000 2951 caninum
1014 2875 1107 2948 simili
1121 2878 1252 2951 ratione
1269 2881 1447 2976 praebebis·

536 2993 635 3062 LVll.
655 2986 792 3082 Strophi
806 2985 945 3059 diversae
960 2986 1065 3059 causae
1081 2991 1119 3060 δι
1137 2986 1277 3060 diversae
1291 2989 1364 3063 suut
1380 3016 1447 3066 cu·

450 3121 453 3126 ’
490 3097 1465 3208 rae.cu1us1slasuutsignaVolutatur,patrturtorsrof

490 3236 571 3300 nes,
592 3210 647 3282 ilia
669 3209 729 3281 sibi
752 3177 906 3304 respicit,
929 3208 1053 3281 stercus
1077 3209 1197 3280 durum
1217 3209 1363 3299 assellat,
1377 3231 1449 3283 ter·
1519 3194 1536 3238 Ὗ
1574 3223 1589 3250 ··

490 3348 561 3394 ram
577 3322 716 3417 pedibus
730 3319 841 3393 tundit
855 3319 977 3390 dolore
998 3337 1162 3415 cogente,
1178 3317 1368 3418 intermissis
1381 3323 1450 3395 ho«

490 3433 536 3503 ris
554 3430 840 3527 refrigerationem
862 3426 959 3498 sentit
973 3429 1012 3499 bc
1025 3428 1186 3523 requiem.
1210 3430 1282 3500 Hac
1302 3429 1448 3523 potione

472 3539 675 3612 ‘curandum
700 3538 768 3608 esi:
793 3534 924 3621 Acori,
939 3535 1044 3624 anisa,
1063 3536 1291 3629 opopanacis,
1307 3529 1450 3632 singulas

491 3647 591 3730 libras
613 3643 735 3737 pariter
757 3643 999 3714 contundis&
1025 3640 1156 3729 cernis,
1178 3668 1220 3714 ert
1235 3643 1304 3739 quo
1328 3644 1449 3738 pulve-

491 3779 529 3829 re
552 3756 622 3826 duo
637 3751 824 3825 cochlearia
845 3752 880 3821 in
896 3748 971 3822 vini
996 3750 1119 3824 veteris
1138 3750 1306 3840 sextario,
1326 3753 1364 3823 δι
1379 3748 1449 3823 olei

491 3863 612 3960 pondo
633 3860 728 3933 semis
751 3858 934 3946 admisces,
958 3859 997 3931 δι
1022 3857 1169 3953 tepidum
1199 3883 1260 3955 per
1285 3882 1326 3930 os
1354 3857 1448 3931 dabis

493 3971 619 4043 triduo.
632 3970 666 4040 Si
689 3967 884 4064 strophosus
898 3965 1016 4055 fuerit,
1034 3969 1072 4040 δι
1094 3991 1165 4040 non
1179 3964 1260 4040 facit
1272 3985 1450 4057 ventrem,

494 4078 632 4151 caudam
662 4078 749 4149 inter
777 4099 881 4148 coxas
904 4076 979 4149 suas
1005 4076 1139 4166 mittet,
1166 4079 1264 4151 &ad
1294 4066 1449 4149 ventrem

496 4185 590 4256 suum
608 4184 790 4256 conversus
815 4185 973 4257 attendet.
995 4184 1049 4259 cui
1067 4184 1246 4286 pulverem
1264 4184 1305 4256 de
1326 4183 1449 4280 semine

568 4298 696 4387 Scripta.
712 4284 1012 4374 maenam(
1239 4297 1307 4371 Cc
1339 4297 1355 4357 f
1404 4395 1417 4411 Α
