3875 5759
647 902 754 973 ssu.
803 903 850 973 v.
898 863 1246 1005 sennis
1352 914 1421 997 ης·

372 1089 374 1094 ’
461 1057 542 1132 uio.
567 1056 745 1136 servantur
765 1059 867 1133 etiam
891 1059 1001 1133 decisa
1022 1084 1102 1133 cum
1129 1058 1231 1133 ramis
1256 1056 1342 1149 suis,
1359 1074 1419 1132 aut

461 1165 584 1242 fronde
603 1169 660 1241 sua
678 1169 856 1260 insoluta,
873 1190 974 1268 atque
990 1168 1153 1267 suspensa·

508 1278 553 1348 V.
575 1278 654 1350 Hoc
673 1278 771 1351 etiasn
795 1279 909 1351 mense
926 1279 1013 1354 locis
1032 1277 1223 1374 temperatis
1244 1277 1331 1350 mala
1343 1303 1422 1377 gra-

380 1447 383 1454 .
459 1401 535 1457 nata
549 1405 748 1481 ponuntur,
762 1412 801 1459 ea
816 1390 966 1477 ratione,
986 1413 1053 1485 qua
1067 1388 1191 1460 didam
1202 1386 1271 1477 est,
1283 1391 1320 1462 δι
1334 1387 1421 1460 inse·

458 1512 592 1568 cuntur.
604 1487 694 1567 Nam
708 1497 796 1571 circa
810 1500 956 1571 Kalend.
969 1497 1078 1593 Maias
1090 1497 1237 1570 Persicus
1251 1496 1421 1579 inocularl

458 1604 588 1700 potest,
605 1630 677 1702 quo
690 1632 785 1679 more
797 1607 1025 1704 emplastratur
1038 1607 1245 1697 ficus,sicut
1257 1603 1423 1695 diximus¹
1522 1595 1528 1608 ⁸

459 1731 536 1784 cum
560 1714 602 1786 de
627 1714 785 1788 insitione
808 1717 1038 1813 loqueremur.
1064 1720 1142 1791 Hoc
1165 1716 1279 1789 mense
1302 1713 1422 1788 calidis

455 1824 545 1898 'locis
571 1826 649 1902 citri
666 1828 968 1917 arbor-inseritur,
990 1830 1073 1902 sicut
1096 1828 1193 1923 supra
1218 1827 1421 1903 memoravi.¹

454 1936 561 2012 Nunc
582 1921 669 2011 locis
689 1936 818 2035 frigidis
837 1934 896 2027 sici
914 1936 1082 2031 plantaria*
1098 1934 1335 2032 disponemus,
1350 1934 1420 2007 ser·

457 2066 578 2120 ventes
595 2071 690 2154 camp
701 2071 778 2150 quae
791 2044 886 2141 supra
902 2046 988 2117 dida
1006 2044 1074 2133 esi,
1086 2043 1306 2142 disciplinam.
1317 2047 1420 2119 Nunc

457 2156 559 2230 etiam
587 2151 691 2230 li'cbm
717 2157 877 2231 debemus
898 2157 1043 2231 inserere
1068 2157 1104 2229 in
1130 2156 1251 2253 ligno,
1275 2155 1331 2227 vel
1357 2153 1419 2226 sub

458 2266 608 2357 cortice,
623 2267 706 2340 sicut
724 2292 801 2363 ante
813 2269 977 2365 praecepi,
994 2271 1116 2342 &eam
1133 2265 1219 2342 locis
1232 2266 1325 2340 siccis
1337 2264 1419 2339 ino·

457 2376 580 2451 mlare.
600 2378 705 2450 Nunc
725 2378 838 2474 planta
860 2379 1064 2474 palmarum,
1078 2401 1179 2474 quam
1195 2375 1419 2472 cephalonens

457 2509 650 2575 vocamus,
668 2488 755 2562 locis
774 2489 896 2584 apricis
909 2490 946 2562 δι
963 2487 1077 2561 calidis
1089 2485 1137 2559 en
1154 2487 1323 2579 ponenda.
1338 2486 1419 2559 Hoc
1442 2476 1448 2488 ’

457 2596 570 2670 mens
583 2598 720 2676 sotbusn
732 2598 922 2695 poterimus
934 2596 1077 2669 inserere
1088 2594 1124 2668 in
1137 2591 1237 2684 se,iu
1250 2593 1421 2691 cydonio,

393 2750 395 2754 -
455 2705 493 2778 in
515 2706 609 2805 spina
628 2707 730 2796 alba.¹

509 2816 568 2886 Vl.
580 2814 654 2884 Tot
667 2812 772 2883 violae
785 2808 904 2883 uncias
927 2807 1156 2901 [infundas‚}
1182 2824 1270 2904 quot
1286 2808 1354 2881 olei
1375 2811 1421 2885 lii*

458 2920 533 2993 bras
555 2918 706 3006 miseris,
720 2920 760 2993 δι
781 2916 898 3020 diebus
917 2937 967 2990 ιι
988 2917 1047 2989 sub
1061 2915 1119 2988 dio
1133 2915 1255 2990 habere
1271 2918 1421 2996 debebis·
1524 2932 1530 2940 '

458 3029 571 3103 Violae
592 3047 763 3125 purgatae,
786 3048 824 3099 ut
844 3028 887 3099 de
909 3050 988 3099 rore
1015 3022 1103 3095 nihil
1128 3024 1300 3114 habeant,
1316 3026 1422 3103 libras
1474 3012 1480 3025 .

457 3138 610 3235 quinque
633 3135 707 3208 vini
727 3135 853 3214 veneris
877 3155 905 3207 x
926 3131 1079 3207 sextariis
1101 3132 1237 3206 debebis
1258 3133 1419 3216 infundes

457 3272 519 3336 re,
542 3249 581 3321 δι
607 3243 683 3342 post
703 3265 794 3320 xxx
817 3245 887 3320 dies
911 3265 940 3319 x
967 3242 1076 3321 mellis
1098 3242 1308 3341 ponderibus
1327 3263 1419 3332 tems

457 3380 585 3453 perere.
1178 3427 1182 3432 .

468 3523 471 3532 .
507 3469 581 3539 Vll.
602 3467 681 3539 Hoc
694 3466 806 3540 mense
826 3465 925 3544 vituli
944 3468 1035 3542 nasci
1047 3466 1332 3567 solent‚quorum
1345 3488 1417 3545 ma·⁴

457 3576 750 3650 tres-abundantia
768 3578 884 3674 pabuli
904 3577 1093 3669 juventur,
1109 3597 1147 3652 ut
1167 3579 1315 3655 sufficere
1335 3579 1419 3679 pos·?

458 3687 523 3759 fint
542 3685 673 3759 tributo
691 3688 870 3762 laboris&
892 3687 995 3761 ladis.
1009 3688 1086 3785 ipsis
1099 3708 1210 3762 autem
1226 3691 1344 3765 vitulis
1361 3710 1419 3765 το·θ

457 3796 544 3869 stum
562 3796 934 3893 molitumquemilium
949 3822 1026 3869 cum
1041 3798 1123 3871 lade
1140 3798 1317 3871 misceatur
1338 3796 1418 3870 sali„

442 3904 533 4002 'vari
551 3927 647 3976 more
663 3904 893 3997 prebendum.
906 3906 1010 3978 Nunc
1022 3904 1108 3979 locis
1123 3906 1239 3981 calidis
1250 3907 1417 3979 tondean-

418 4103 420 4108 .
460 4034 638 4102 turones,
662 4016 700 4087 &
724 4013 863 4094 semtini
883 4015 988 4088 soetus
1007 4016 1076 4090 hoc
1102 4018 1415 4115 mensesgnentur.

459 4124 560 4196 Nunc
576 4122 676 4195 etiam
691 4122 799 4217 prima
811 4124 856 4197 esl
867 4124 1060 4215 admissura,
1075 4152 1151 4226 quac
1162 4127 1316 4216 excellit,
1327 4124 1415 4211 arie·¹

406 4234 416 4266 ‘
460 4251 531 4302 tum
545 4284 560 4341 2,
570 4250 607 4301 ut
627 4253 733 4328 agnos
749 4228 818 4327 jam
834 4251 988 4309 maturos
1007 4232 1186 4310 hibernum
1207 4250 1339 4331 tempus
1362 4233 1418 4321 ing

459 4361 586 4417 veniat.

1160 4454 1223 4548 14
