3875 5759
572 897 650 970 DE
683 897 752 969 RE
786 895 1057 976 RUSTICA
1088 898 1183 971 ΗΒ.
1217 901 1248 973 Ι.·
1343 926 1394 998 ςι,

430 1058 520 1130 dant.
541 1056 574 1129 Si
590 1056 689 1152 copia
703 1054 813 1151 major
828 1056 893 1145 eli,
906 1056 1052 1129 medium
1065 1055 1206 1152 spatium
1220 1056 1314 1153 cupis
1329 1059 1389 1132 de·

430 1157 626 1260 putabitur,
638 1189 741 1259 quas,
757 1190 800 1236 ne
816 1165 1004 1237 ambulacra
1022 1159 1248 1259 prohibeant,
1261 1164 1392 1242 basellis

428 1274 605 1347 altioribus
619 1274 878 1370 impofitas‚·vel
892 1275 986 1369 supra
1000 1271 1159 1373 [obruta]
1174 1276 1265 1347 dolia
1279 1277 1392 1372 potsu-

428 1407 505 1482 mus
526 1382 696 1455 collocare
706 1382 815 1490 spatio
832 1384 920 1455 inter
936 1383 967 1455 se
983 1384 1141 1483 longiore
1160 1386 1337 1478 distantes,
1353 1407 1392 1467 ut

428 1488 471 1589 (sr
485 1514 539 1562 res
551 1487 680 1589 exigat)
693 1491 838 1564 curantis
848 1491 1003 1564 transitus
1017 1492 1117 1587 poliat
1130 1494 1271 1566 admitti.
1283 1496 1395 1589 Quod

427 1600 453 1671 fi
473 1600 570 1695 cupis
584 1601 713 1671 locum
725 1600 817 1673 suum
832 1600 1081 1695 deputabimus,
1094 1600 1122 1673 is
1137 1599 1240 1675 locus
1258 1603 1300 1675 ad
1322 1606 1394 1676 cal-

428 1709 551 1781 catorii
572 1707 822 1806 similitudinem
846 1707 958 1805 podiis
981 1709 1165 1799 brevibus,
1187 1710 1225 1784 &
1245 1710 1393 1787 tesiaceo

357 1827 359 1831 ”
428 1815 628 1920 pavimento
652 1820 833 1910 solidetur,
852 1841 890 1892 ut
909 1821 1010 1894 etiam
1032 1822 1055 1891 st
1080 1822 1235 1916 ignorata
1250 1822 1283 1891 se
1307 1848 1394 1918 cupa

429 1928 714 2026 diffuderit,lacu
733 1930 866 2001 subdito
886 1927 1098 2024 excipiantur
1118 1927 1227 2026 [non]
1243 1928 1396 2025 peritura

429 2040 810 2137 piua3quaefluxerint.
1040 2125 1044 2134 .
1104 2114 1114 2134 .

484 2146 585 2222 XIX.
603 2148 690 2221 Situs
711 2149 913 2219 horreorum
928 2145 1081 2244 quamvis
1097 2145 1197 2244 ipsam
1218 2146 1395 2247 [Septem-

433 2255 573 2356 1rionis]
591 2258 751 2332 desrderet
768 2274 917 2358 partem,
931 2258 969 2329 δι
991 2256 1163 2352 superior,
1182 2259 1220 2332 ὅ(
1236 2258 1339 2356 longe
1353 2259 1396 2330 ab

432 2369 528 2442 omni
542 2371 737 2445 humore&
751 2369 916 2441 laetamine
931 2373 967 2443 δι
985 2368 1118 2443 stabulis
1133 2372 1313 2469 ponendus
1327 2373 1395 2468 eli,

429 2475 594 2577 frigidus,
607 2478 820 2568 ventosus&
835 2477 938 2550 srccus
951 2477 1027 2549 seui
1046 2478 1297 2573 providendum
1313 2478 1395 2551 stru·

431 2588 532 2661 slurae
545 2588 734 2691 diligentia,
746 2614 787 2659 ne
801 2586 893 2659 rimis
908 2586 1008 2683 pollit
1021 2587 1186 2683 abrumpi.
1200 2586 1319 2660 Solum
1334 2587 1397 2687 igi·

431 2715 486 2768 tur
499 2723 605 2771 omne
625 2698 755 2794 bipedis
775 2698 957 2783 sternatur,
976 2697 1032 2766 vel
1046 2696 1398 2769 minoribusla'tercu·

431 2806 492 2895 lis,
507 2833 595 2905 quos
617 2808 743 2881 suffuso
759 2809 904 2879 testaceo
925 2804 1126 2900 pavimento
1149 2806 1309 2875 debemus
1330 2805 1398 2875 im·

433 2906 592 3011 primere.
604 2919 703 2989 Tunc
716 2916 839 2988 divisas
858 2913 980 3002 cellas,
996 2911 1043 3006 (fi
1061 2937 1199 3009 magnus
1216 2906 1399 3009 sperabitur

345 3029 348 3036 “
436 3021 600 3095 seminum
625 3024 790 3117 modus,)
815 3049 920 3120 grano
945 3022 1068 3120 cuique
1091 3022 1284 3095 tribuemus.
1309 3025 1352 3095 Et
1373 3024 1398 3096 st

435 3152 534 3207 terrae
550 3133 723 3232 pauperies
742 3137 876 3208 minora
893 3133 1081 3231 promittit,
1102 3132 1158 3203 vel
1173 3131 1316 3206 craticiis
1330 3157 1398 3228 po-

384 3251 386 3257 '
434 3244 496 3317 diis
509 3266 610 3320 erunt
624 3244 838 3322 discernenda
852 3245 1023 3344 granaria,
1038 3244 1094 3317 vel
1112 3242 1269 3316 vimineis
1284 3243 1403 3329 vascus

434 3354 474 3428 lis
497 3356 625 3430 reditus
646 3376 763 3430 tenues
782 3356 990 3453 colligemus.
1010 3353 1075 3425 Sed
1096 3350 1190 3426 saetis
1211 3354 1397 3449 granariis,

434 3488 570 3537 amurca
582 3465 657 3537 lu'to
674 3464 780 3536 mixta
794 3466 936 3562 parietes
956 3463 1123 3548 linuntur;
1137 3461 1189 3536 cui
1203 3461 1286 3536 aridi
1301 3462 1397 3535 olea·

434 3574 491 3645 liri
511 3576 569 3646 vel
591 3575 697 3656 olivae
711 3574 793 3645 folia
811 3597 877 3670 pro
896 3571 997 3666 paleis
1011 3570 1214 3665 adjiciuntur
1229 3596 1238 3641 :
1252 3595 1323 3670 quo
1344 3594 1397 3643 te·

426 3684 547 3757 ¹dorio
563 3685 709 3772 siccato,
726 3685 839 3756 rursus
859 3705 994 3754 amurca
1013 3680 1215 3778 respergitur
1227 3707 1236 3751 :
1248 3706 1323 3777 quae
1338 3681 1396 3754 ubi

434 3792 555 3867 siccata
567 3792 690 3882 fuerit,
712 3791 878 3863 frumenta
893 3789 1093 3861 condentur.
1116 3788 1192 3885 haec·
1203 3813 1253 3858 res
1268 3813 1397 3886 gurgu-

435 3901 585 3975 lionibus
611 3904 650 3976 δι
674 3900 792 3976 ceteris
815 3898 930 3970 noxiis
955 3896 1153 3971 animalibus
1179 3896 1313 3969 inimica
1337 3894 1395 3967 est.

435 4011 552 4110 Aliqui
572 4010 743 4086 coriandri
758 4006 840 4080 folia
852 4006 1031 4092 frumentis
1044 4007 1184 4080 miscent
1199 4008 1240 4077 ad
1255 4005 1394 4075 servan·

436 4122 515 4193 dum
539 4121 727 4219 profutura.
747 4119 843 4191 Nihil
864 4139 975 4191 tamen
994 4117 1052 4189 diu
1074 4111 1297 4190 custodiendis
1319 4109 1397 4185 fru·
1473 4124 1474 4129 ’

436 4235 558 4309 mentis
574 4230 786 4306 commodius
801 4232 998 4325 erit,quam
1014 4228 1035 4297 sr
1052 4252 1092 4298 etc
1108 4225 1190 4297 areis
1205 4223 1238 4292 in
1254 4222 1395 4296 alterum

427 4341 555 4462 xlocutu
585 4338 926 4418 vicinumtrausfusa
953 4334 1191 4436 refrigerentur
1217 4328 1396 4450 aliquantis
