3875 5759
592 826 1462 984 n2rttatuttnutrum

587 1034 748 1132 rigatus,
770 1029 881 1103 scrobi
901 1029 998 1103 velut
1017 1029 1180 1128 obliquus
1203 1030 1440 1127 immergiturr
1463 1032 1560 1131 ptius

586 1160 696 1221 tamen
714 1141 863 1238 porcino
878 1139 1026 1214 llercore
1050 1142 1087 1214 dr
1109 1141 1144 1212 in
1167 1140 1352 1236 capite,&
1376 1140 1413 1212 in
1436 1165 1561 1239 parte,

584 1277 663 1350 quae
678 1252 745 1324 ima
767 1249 839 1339 est,
856 1251 1052 1335 oblinatur,
1067 1251 1125 1323 vel
1142 1250 1176 1323 in
1196 1253 1306 1325 crudo
1327 1250 1404 1324 solo
1431 1256 1559 1340 malleo

585 1383 731 1463 cogatur
757 1363 800 1436 ad
818 1362 982 1436 inferiora
1003 1359 1115 1460 deligi.
1140 1364 1270 1436 Melius
1295 1365 1502 1459 proveniet,
1533 1367 1558 1438 li

583 1473 764 1570 ponendus
785 1493 897 1546 ramus
913 1492 1079 1571 gemmata
1092 1472 1159 1566 iarn
1182 1494 1288 1552 matre
1308 1473 1468 1547 sumatur.
1493 1477 1558 1546 Sed

582 1583 644 1678 qui
662 1582 698 1655 in
720 1581 839 1656 scrobe
858 1582 1064 1677 deponit,s1
1083 1603 1153 1657 tres
1167 1582 1304 1689 lapillos
1322 1583 1365 1654 in·
1380 1583 1450 1678 ipsa
1464 1585 1556 1657 radi-

584 1715 624 1764 ce
643 1690 848 1781 constituat,
864 1691 1086 1787 providebit,
1106 1717 1150 1764 ne
1164 1716 1266 1788 poma
1282 1688 1463 1767 findantur.
1480 1695 1554 1766 Cu·

582 1798 751 1889 randum,
777 1823 820 1871 ne
844 1798 979 1895 virgula
1005 1798 1139 1870 inversa
1167 1799 1330 1894 deponas.
1352 1799 1553 1872 creduntur

581 1907 677 1981 acida
694 1906 790 1994 fieri,
810 1906 1003 2006 firigentur
1023 1907 1168 1980 allidue:
1186 1932 1265 1980 nam
1285 1908 1417 1982 ficcitas
1442 1909 1477 1980 in
1500 1909 1552 1980 his

580 2022 833 2098 &suavitatem
856 2020 1010 2118 prestat,
1025 2023 1063 2093 &
1086 2020 1235 2115 copiam.
1248 2020 1345 2115 cujus
1363 2044 1473 2094 tamen
1493 2021 1550 2090 ni·

580 2129 711 2204 mietati
731 2130 860 2227 aliquid
873 2131 973 2203 debet
990 2130 1145 2201 humoris
1164 2127 1547 2225 opponi.·Circumf0di

581 2243 764 2314 audlumno
779 2240 878 2313 debet
888 2240 955 2329 ,'&
969 2264 1093 2314 verno.
1107 2240 1141 2310 Si
1157 2240 1251 2311 acida
1262 2237 1549 2327 nascantur,'mo-

580 2349 694 2422 dicum
714 2347 826 2421 laseris
847 2374 923 2422 cum
947 2348 1035 2421 vino
1052 2348 1171 2420 tritum
1196 2368 1256 2444 per
1275 2348 1399 2419 summa
1415 2347 1549 2422 arboris

404 2553 412 2562 ρ
458 2481 464 2490 ‘
580 2457 760 2533 cacumina
781 2476 921 2554 oportet
944 2457 1101 2547 infundi,
1121 2459 1176 2530 vel
1203 2458 1408 2555 ablaqueatis
1424 2458 1549 2532 radici·

581 2570 749 2644 bustaedae
761 2568 881 2643 clavus
892 2568 1000 2667 infigi.
1013 2569 1079 2641 Alii
1095 2569 1203 2667 algam
1216 2570 1381 2642 marinam
1395 2570 1550 2642 obruunt

471 2774 473 2779 Α
579 2681 622 2752 ad
645 2680 794 2770 radices,
816 2679 873 2753 cui
888 2678 1049 2753 nonnulli
1074 2677 1199 2752 stercus
1226 2678 1365 2752 miscent
1382 2679 1546 2751 asininum

578 2809 682 2890 atque
703 2792 897 2889 porcinum.
912 2792 947 2864 si
969 2791 1093 2864 florem
1116 2816 1189 2864 non
1211 2791 1391 2878 continet,
1416 2791 1547 2863 urinam

578 2925 729 2973 veterem
751 2901 904 2996 compari
917 2901 1071 2973 mensura
1086 2924 1184 2997 aquae
1203 2896 1428 2997 temperabis,
1442 2901 1481 2974 &
1496 2918 1546 2973 ter

577 3034 784 3105 perannum
807 3010 843 3081 in
859 3010 1030 3083 radicibus
1054 3009 1227 3097 infundes.¹
1247 3011 1316 3084 uni*
1328 3012 1442 3083 arbori
1470 3037 1543 3083 am·

578 3119 690 3212 phora
707 3117 832 3214 ingeila
851 3117 1002 3195 sufficiet.
1029 3121 1084 3191 vel
1111 3145 1280 3193 amurcam
1302 3120 1415 3191 mittes
1440 3117 1546 3206 inlul⁴

578 3225 667 3310 sam,
683 3227 740 3299 vel
757 3228 864 3326 algam
885 3228 1058 3304 radicibus
1073 3229 1214 3330 junges,
1234 3229 1342 3303 &bis
1363 3229 1485 3325 rigabis
1507 3231 1543 3302 in

578 3333 713 3418 mense;
728 3336 786 3410 vel
797 3339 935 3413 arboris
953 3338 1108 3414 florentis
1123 3360 1281 3413 truncum
1299 3337 1461 3435 plumbeo
1476 3337 1544 3409 cir·

561 3449 657 3537 ,culo
673 3447 810 3522 debebis
822 3451 1014 3549 includere,
1028 3453 1087 3527 vel
1100 3452 1199 3528 corio
1217 3451 1335 3548 anguis
1349 3449 1545 3522 involvere.

577 3555 613 3626 si
631 3574 770 3650 crepant
790 3581 915 3654 poma,
930 3559 1075 3656 lapidem
1094 3561 1131 3631 in
1149 3558 1262 3633 media
1281 3553 1420 3632 arboris
1432 3558 1543 3632 radice

364 3703 369 3713 ·
481 3759 484 3765 μ
577 3667 741 3763 supponis
752 3677 768 3756 ,’
779 3667 837 3740 vel
858 3668 1007 3766 squillam
1024 3671 1115 3744 circa
1136 3671 1293 3743 arborem
1314 3669 1401 3742 seris.
1423 3673 1466 3740 Et
1489 3667 1542 3755 st,

576 3777 656 3848 dum
667 3777 827 3874 ‘pendent
846 3803 966 3874 poma,
983 3781 1178 3868 tenacibus,
1194 3781 1278 3853 srcut
1295 3779 1329 3853 in
1347 3781 1467 3851 arbore
1483 3779 1543 3851 ha·

575 3887 700 3960 bentur
711 3942 727 3988 ,v
737 3889 930 3980 intorseris,
942 3891 979 3963 in
995 3911 1109 3966 totum
1123 3916 1250 3963 annunt
1263 3891 1333 3962 fine
1345 3888 1544 3982 corruptio-

514 4047 520 4057 ι
575 4021 620 4068 ne
633 3994 806 4070 servabis:
829 3999 864 4070 Si
893 3999 1067 4072 vermibus
1086 3998 1387 4094 laborant,tangis
1411 3996 1543 4070 radices

575 4104 653 4179 felle
682 4105 837 4197 bubulo,
855 4110 895 4183 δι
914 4110 1085 4183 continuo
1111 4109 1327 4183 moriuntur:
1353 4122 1412 4178 aut
1436 4106 1541 4180 clavo

576 4240 673 4286 aeneo
689 4217 712 4289 st
732 4242 864 4293 vermes
878 4220 1012 4291 eosdem
1027 4243 1170 4317 purges,
1184 4216 1322 4291 difficile
1339 4214 1540 4289 nascentur:

489 4399 492 4403 ,
577 4324 634 4396 vel
653 4325 735 4402 asini
754 4328 853 4403 urina
868 4327 1009 4405 stercori
1031 4329 1179 4402 admixta
1200 4325 1348 4428 porcino
1366 4324 1539 4400 vermibus
