3875 5759
600 888 733 978 ARTIS
758 885 975 960 VETERIN.
999 883 1098 957 slve
1120 885 1306 964 MULOM.
1366 909 1433 990 323

481 1067 552 1124 rata
573 1046 639 1144 jam
656 1047 796 1120 vulnera
811 1046 924 1120 sanare
944 1043 1213 1142 incipiec,cuius
1231 1047 1439 1146 compnsrtin

481 1164 557 1238 talis
576 1161 643 1234 est:
657 1160 739 1232 Ervi
752 1157 890 1256 pollinis
912 1156 1184 1248 sextarium,iris
1207 1158 1353 1258 illyricae
1370 1187 1437 1238 un·

481 1273 551 1347 cias
570 1297 609 1359 2,
626 1268 708 1341 turis
721 1266 856 1341 masculi
867 1266 984 1340 uncias
1000 1291 1036 1353 2,
1049 1263 1201 1339 miscebis
1214 1267 1254 1342 &
1266 1264 1367 1344 facit
1378 1295 1439 1347 ce·

481 1382 662 1479 phalicurn
676 1378 979 1468 medicamentum,
1001 1399 1073 1475 quo
1101 1376 1203 1452 uteris
1222 1380 1265 1451 ad
1283 1377 1440 1458 consunt-

483 1492 614 1566 tionem
638 1490 786 1563 medela.

530 1607 652 1677 XLIV.
672 1602 779 1696 Quod
801 1599 826 1674 si
847 1599 1001 1697 jumento
1026 1596 1167 1695 scapula,
1187 1596 1312 1675 suerint
1333 1599 1440 1679 disso-

483 1713 586 1802 lutae,
606 1710 781 1808 diligenter
798 1707 972 1804 inspicias,
989 1733 1031 1780 ne
1053 1732 1136 1804 quas
1152 1707 1239 1779 inter
1260 1732 1388 1785 nervos
1400 1713 1439 1790 δι

482 1821 710 1896 commissuras
731 1820 927 1918 pendigines
954 1815 1065 1890 faciat.
1085 1815 1180 1912 qnod
1200 1815 1225 1889 st
1245 1816 1439 1910 invenerit,
1504 1821 1508 1838 '

451 1933 454 1940 '
480 1955 683 2028 quacunque
708 1948 800 2026 parte
820 1929 930 2023 plagas
957 1924 1109 2020 accipere
1135 1923 1282 2021 poterit,
1297 1929 1440 2027 catapla.

483 2040 640 2130 smaribus
659 2037 815 2122 mollire,
828 2035 865 2108 δι
883 2032 1041 2128 scalpello
1059 2033 1116 2107 vel
1136 2035 1286 2110 cauterio
1310 2039 1439 2136 aperire

483 2139 638 2233 curabis,
659 2166 697 2216 ur
720 2142 826 2216 sanies
848 2140 903 2213 illa
926 2161 1026 2239 atque
1042 2141 1200 2220 collectio
1226 2143 1360 2224 defluat.
1376 2151 1441 2224 1²0·
1510 2131 1512 2148 ¹

483 2256 668 2333 raminibus
687 2271 797 2327 autem
812 2254 1044 2331 traumaticum
1069 2258 1107 2331 δι
1126 2255 1265 2332 linteola
1286 2259 1307 2333 s
1299 2283 1369 2337 cca
1384 2260 1442 2339 da·

485 2359 549 2443 bis‘.
569 2367 604 2437 Si
628 2364 753 2462 quod
744 2383 831 2437 rnter
846 2388 974 2438 nervos
999 2364 1150 2439 foramen
1169 2365 1293 2442 sasiunr
1318 2369 1440 2463 suerit,

485 2475 667 2551 cautissime
679 2491 821 2564 curato,
833 2498 876 2546 ne
894 2473 1033 2547 ulterius
1053 2493 1109 2548 aut
1127 2473 1253 2560 serrum
1277 2495 1336 2552 aut
1358 2501 1442 2554 ctu·

485 2585 607 2659 terium
632 2583 818 2678 procedat,
835 2605 962 2678 neque
972 2600 1128 2675 putorem
1154 2595 1263 2680 neque
1289 2587 1445 2682 putredi-¹

484 2721 562 2769 nent
578 2689 685 2780 lavis,
699 2693 754 2764 sed
768 2689 870 2785 tnagis
892 2688 985 2761 siccis
1002 2686 1158 2762 omnibus
1184 2713 1300 2766 curare
1314 2692 1442 2774 festina

485 2830 563 2877 nam
577 2799 689 2874 omnis
704 2798 828 2868 humor
841 2791 1057 2867 destillationi
1072 2794 1201 2890 prasiar
1218 2820 1444 2898 angmentum.

484 2916 574 2986 Cum
597 2906 701 2981 incisa
718 2904 774 2976 vel
794 2902 863 2978 usia
882 2902 1042 2978 duxerint
1056 2903 1267 2998 cicatricem,
1283 2933 1347 3010 pto
1359 2937 1444 2992 con·

485 3020 679 3098 firmatione
693 3016 728 3088 in
747 3012 867 3087 ultimo
885 3011 1063 3087 caudicum
1081 3013 1281 3112 imponitur.
1422 3085 1432 3102 ,

534 3134 642 3209 XLV.
656 3129 690 3201 si
709 3150 818 3202 armus
838 3124 935 3199 laesus
952 3124 1034 3217 etit,
1047 3125 1084 3200 in
1097 3128 1211 3202 medio
1232 3155 1330 3208 crure
1343 3152 1445 3214 ntra·

484 3272 553 3345 que
574 3245 752 3318 solventur
766 3264 882 3322 vene,
898 3238 937 3312 δι
954 3238 1097 3333 pulvere
1112 3237 1286 3316 turitcunr
1304 3266 1349 3318 en
1358 3246 1444 3346 ,qui

486 3352 642 3452 profluit,
653 3343 1444 3444 sanguinecopiostffimeimmittoarmisinian

487 3485 552 3535 tur.
571 3457 718 3551 Quodsi
734 3450 996 3552 plusprofluat,
1018 3475 1119 3575 quant
1138 3453 1268 3530 necesse
1287 3455 1348 3584 tit,
1360 3459 1446 3536 stet
1553 3455 1559 3470 ’

488 3592 551 3643 cus
570 3561 697 3662 ipsius
687 3559 828 3656 ,umenti
846 3556 1060 3660 fluentibut
1049 3561 1239 3658 imponitur
1263 3565 1383 3659 venit,
1403 3569 1446 3652 de

487 3674 612 3750 fasciis
609 3673 780 3771 alligatur
792 3671 931 3745 Postero
949 3693 1089 3769 quoque
1101 3670 1157 3748 die
1174 3674 1265 3774 quasi
1285 3681 1446 3778 epapha-

489 3786 570 3859 refis
593 3782 651 3871 sit,
663 3785 701 3856 δι
712 3806 756 3854 ex
770 3781 892 3854 eisdem
915 3780 1001 3854 locis
1021 3777 1154 3880 sanguin
1170 3783 1379 3880 detrahitur,
1392 3807 1447 3864 at-

490 3917 559 3992 que
581 3889 726 3963 fimitis
716 3915 751 3962 tn
770 3888 930 3962 omnium
948 3913 1029 3964 certa
1050 3892 1214 3986 procedit
1237 3893 1292 3966 Ab
1310 3895 1446 3978 1101ὼο

491 4000 736 4088 abstinebitur,
762 3996 861 4073 soerto
886 3996 1120 4074 sustentabitur
1145 4001 1272 4100 exigna
1296 4027 1358 4100 ριι
1381 4006 1448 4082 tri·

492 4112 609 4182 duum.
626 4109 747 4183 deinde
762 4132 858 4206 pom
846 4107 1119 4208 ttetcyathnt,
1131 4111 1172 4186 st
1186 4111 1258 4186 atei
1276 4111 1446 4194 suenum

492 4218 665 4306 miscebis,
681 4220 720 4292 dc
736 4214 1083 4315 percornnt'aucibut
1099 4217 1266 4296 ἱιιὶιιιιι
1279 4221 1355 4296 s'rss
1373 4225 1449 4302 set·
