3875 5759
497 921 565 997 352
663 869 1169 975 vacciniis.
1217 899 1334 976 nn·
1438 853 1441 858 ’

495 1075 570 1126 ovo
594 1051 701 1124 crudo
723 1053 759 1123 δι
785 1049 917 1122 hemina
938 1052 1018 1146 paffi
1046 1076 1105 1148 per
1127 1077 1167 1124 os
1192 1053 1287 1126 datur
1313 1051 1457 1147 jejunos

493 1184 631 1256 gramen
653 1181 790 1257 quoque
813 1158 989 1233 concisum
1011 1160 1212 1258 tunsumque
1233 1163 1381 1236 admixta
1405 1160 1457 1232 fa·

492 1269 569 1342 rina
592 1268 678 1340 faba
695 1265 795 1338 frixa
819 1269 858 1340 δι
882 1268 1022 1363 pollinis
1043 1270 1169 1358 lentis,
1192 1270 1338 1343 sextario
1359 1297 1457 1368 aquae

495 1377 611 1452 calidae
624 1375 801 1466 miscetur,
811 1377 1001 1476 agitataque
1015 1380 1191 1478 diligenter
1206 1408 1264 1477 per
1278 1407 1319 1455 os
1333 1381 1456 1454 diffun-

472 1481 595 1559 '·dirut.
615 1489 772 1558 Veterem
785 1488 895 1568 tuffim
907 1488 1022 1566 sanant
1036 1492 1111 1563 duae
1125 1493 1218 1578 librae
1235 1493 1373 1590 hyllopi
1387 1510 1457 1564 mad.

494 1612 614 1667 cerarae
630 1619 673 1666 ex
690 1619 786 1692 aquae
804 1596 1091 1684 sextariis-tribus,
1102 1600 1198 1695 quod
1215 1600 1358 1673 infusum
1374 1599 1458 1686 teri-

468 1719 574 1789 'tur‚
596 1706 635 1778 dc
656 1729 733 1780 cum
755 1706 882 1780 duabus
904 1709 1054 1806 partibus
1078 1708 1193 1782 farinae
1214 1711 1396 1800 miscetur,
1420 1713 1460 1786 &

491 1839 554 1912 per
577 1838 618 1887 os
640 1816 763 1904 datur,
789 1815 887 1913 supet·
910 1819 1006 1916 quod
1028 1843 1113 1914 aqua
1141 1819 1304 1917 hyllopi,
1325 1821 1359 1889 in
1387 1846 1461 1916 qua

493 1923 717 2022 [decollum]
740 1922 889 1998 infusum
912 1924 1155 2018 decollumque
1172 1924 1269 1996 etiarn
1293 1924 1461 2019 propina·

492 2051 550 2103 tur
563 2032 605 2103 ad
618 2056 739 2104 cornu.
754 2033 852 2106 Porri
865 2032 963 2106 etiam
974 2032 1089 2118 succus
1103 2031 1270 2127 exprellus
1282 2058 1358 2112 curn
1372 2033 1461 2104 oleo

401 2161 404 2168 '
492 2147 533 2216 δι
553 2143 611 2238 ipfi
635 2142 818 2215 febricum
843 2143 1029 2218 hordeacea
1044 2139 1149 2212 farina
1162 2140 1345 2212 remedium
1366 2165 1460 2234 prae-

492 2251 589 2322 llant.
608 2252 749 2323 Radices
762 2275 901 2348 quoque
922 2249 996 2344 ejus
1012 2249 1188 2345 diligenter
1209 2249 1307 2335 lora,
1321 2250 1358 2321 δι
1378 2276 1458 2323 curn

492 2361 582 2433 farre
596 2361 733 2434 triticeo
752 2360 902 2435 contulae
914 2412 927 2447 ,
939 2356 1125 2454 jejunoque
1142 2358 1228 2428 darae
1243 2410 1254 2444 ,
1275 2350 1458 2433 discutiunt

492 2467 745 2540 vetustiffimam
771 2467 892 2540 tullian.
925 2469 1015 2556 ldem
1043 2466 1173 2562 praestat
1198 2491 1343 2555 ervum,
1369 2468 1394 2539 st
1420 2470 1457 2540 in

493 2578 627 2676 pabulis
646 2603 724 2651 cunr
741 2577 868 2674 ptisana
882 2576 1002 2650 hordei
1020 2577 1203 2667 molitum,
1222 2578 1261 2649 &
1273 2603 1351 2648 cum
1371 2602 1455 2673 aqua

493 2685 606 2784 tepida
628 2686 687 2760 vel
708 2685 814 2758 mulsa
832 2685 869 2758 in
890 2684 1002 2760 fauces
1023 2685 1177 2759 salivanti
1199 2711 1259 2760 ore
1279 2686 1453 2761 dimissum.

419 2875 422 2882 ,
493 2796 725 2895 Suppuratio,
746 2821 848 2894 quam
868 2796 1039 2893 apostema
1060 2797 1200 2886 dicunt,
1220 2798 1338 2868 melius
1361 2794 1455 2868 ferro

494 2912 658 3006 aperitur,
671 2909 765 3005 post,
782 2935 859 2982 curn
872 2909 1063 3006 expressum
1077 2934 1139 3006 pus
1151 2928 1207 2981 aut
1220 2908 1325 2981 sanies
1335 2907 1458 2998 fuerit,

495 3025 583 3094 finus
605 3020 694 3116 ipse,
708 3021 767 3118 qui
783 3045 857 3092 earn
873 3022 1092 3107 continebat,
1106 3021 1203 3092 urina
1225 3020 1390 3093 bubulina
1404 3045 1458 3094 ca·

494 3130 562 3202 lida
578 3129 733 3216 lavatur,
747 3153 786 3199 ac
801 3128 993 3202 linamentis
1013 3137 1052 3203 alc
1074 3129 1201 3225 stuppis
1215 3130 1285 3204 five
1309 3129 1459 3202 linteolis

494 3239 571 3334 pice
590 3236 716 3333 liquida
739 3238 881 3318 &oleo
904 3236 1019 3309 infusis
1039 3259 1185 3312 curatur.
1197 3239 1303 3332 Quod
1319 3237 1343 3308 sr
1360 3237 1465 3311 colli·'

495 3335 567 3445 gari
580 3370 724 3440 capam,
739 3345 797 3417 ubi
811 3345 858 3418 est
876 3345 995 3432 ulcus,
1009 3370 1079 3418 non
1093 3347 1222 3442 potest,
1238 3346 1361 3418 lamina
1377 3372 1458 3419 can·

494 3458 596 3540 dente
609 3454 721 3551 sepum
740 3454 918 3551 caprinum
931 3472 991 3527 aut
1006 3455 1207 3535 bubulinum
1221 3454 1372 3528 stillatur.
1387 3456 1458 3527 Ali·

428 3557 431 3564 ¹
495 3564 635 3665 quanti,
648 3589 726 3637 curn
740 3563 896 3637 vitiosam
919 3581 1046 3659 partem
1064 3564 1275 3651 inunxetint,
1288 3585 1371 3637 tunc
1387 3564 1458 3636 uri-

496 3700 540 3745 na
562 3672 670 3776 ueteri
687 3672 829 3744 humana
851 3672 993 3760 lavant,
1015 3694 1116 3766 atque
1137 3670 1180 3743 ita
1203 3672 1308 3769 aequis
1328 3672 1458 3767 ponde·

495 3784 588 3856 ribus
608 3781 683 3877 pice
707 3778 834 3877 liquida
860 3805 938 3852 curn
967 3778 1074 3852 veteri
1096 3780 1242 3875 axungia
1266 3780 1458 3876 incoquunt

496 3897 534 3967 de
549 3889 681 3963 liniunt.
694 3887 836 3985 Sanguis
853 3913 929 3962 curn
948 3912 991 3960 ex
1007 3887 1117 3982 aliqua
1135 3888 1324 3959 neceffitate
1342 3890 1384 3958 ad
1400 3912 1458 3982 pe·

496 4005 555 4075 des
584 4001 716 4076 venerit
745 4001 877 4081 bourn,
904 3996 1185 4072 claudicationem
1219 3997 1321 4069 affert.
1346 3996 1457 4088 Quod

497 4134 573 4183 cum
594 4107 738 4196 accidit,
759 4105 915 4202 inspicito
936 4104 1121 4201 ungulam,
1136 4105 1289 4178 invenies
1310 4128 1385 4176 earn
1401 4106 1457 4177 ul·

498 4216 550 4288 tra¹
560 4216 697 4288 solitum
719 4214 847 4305 calere,
868 4219 906 4289 &
921 4215 1070 4286 vitiatam
1088 4233 1213 4309 partem
1229 4213 1334 4310 premi
1351 4214 1458 4286 vehe-

469 4343 629 4411 „menter
642 4327 716 4399 bos·
727 4315 798 4399 non
815 4326 950 4421 paritur.
972 4323 1037 4396 Sed
1053 4323 1076 4396 si
1091 4323 1221 4423 languis
1235 4324 1342 4397 adhuc
1357 4326 1456 4419 super
