3875 5759
374 955 377 965 ’
488 992 560 1085 nn
609 987 1355 1064 PALnADuRuTrLu

490 1155 567 1256 gitis
590 1150 760 1251 quadratis
780 1149 1080 1250 circumfignabis,
1099 1169 1138 1225 ut
1150 1152 1219 1250 ipsa
1239 1154 1399 1228 slatuatur
1412 1156 1451 1260 in

489 1264 628 1350 medio,
649 1264 685 1334 &
698 1262 744 1333 ita
759 1260 922 1333 subtiliter
935 1262 1098 1336 corticem
1112 1263 1241 1336 levabis
1260 1264 1451 1339 acutissrmo

488 1375 638 1469 scalpro,
655 1397 699 1443 ne
713 1396 844 1469 gemma
859 1371 1011 1447 laedatur.
1032 1373 1112 1445 item
1127 1398 1169 1445 ex
1190 1398 1227 1448 ea
1241 1376 1378 1468 arbore,
1394 1377 1453 1467 cui

485 1482 629 1575 velimus
644 1480 804 1565 inserere,
817 1480 970 1555 srmiliter
988 1508 1066 1556 curn
1084 1508 1215 1581 gemma
1227 1484 1367 1556 tolletur
1380 1511 1451 1558 ern-

480 1593 667 1693 plastrum,
681 1592 792 1665 nitido
805 1609 918 1665 tamen
939 1600 1042 1690 atque
1060 1594 1156 1666 uberi
1171 1594 1263 1668 loco,
1283 1597 1385 1669 Tunc
1397 1596 1446 1669 ibi

482 1701 1169 1800 convenienteradslringitnr‚&pressum
1181 1703 1268 1777 circa
1278 1730 1447 1800 gemmam

381 1853 383 1856 ·
482 1812 627 1888 vinculis
650 1813 784 1911 cogitur
804 1812 873 1884 srne
899 1813 1059 1910 germinis
1084 1812 1218 1885 lesione
1244 1813 1445 1902 cobaerere,

479 1942 519 1996 ut
536 1948 593 2012 ea,
608 1949 684 2020 quae
697 1922 857 2020 appofilae
875 1923 1045 2012 redditur,
1059 1923 1175 1997 locum
1192 1945 1331 2018 gemmae
1347 1923 1444 2016 prio-

378 2039 380 2044 '
477 2034 526 2105 ris
546 2033 706 2105 includat.
728 2050 809 2105 tunc
831 2034 906 2133 luto
923 2033 1121 2131 superlinis,
1135 2035 1172 2107 δι
1192 2032 1329 2104 liberam
1346 2052 1442 2130 gem-L

477 2168 567 2215 marn
590 2141 769 2234 relinques.
790 2142 918 2211 Ramos
940 2141 1129 2235 superiores
1148 2141 1219 2237 ejus
1242 2144 1373 2215 arboris
1389 2144 1441 2216 se-¹

476 2250 570 2323 cabis
588 2272 627 2320 ac
647 2248 784 2340 slirpes:
801 2251 838 2320 δι
858 2250 900 2318 ab
923 2272 996 2319 uno
1016 2250 1053 2321 &
1075 2252 1196 2347 viginti
1219 2252 1337 2323 diebus
1360 2278 1440 2325 exa·

474 2358 561 2444 slis,
582 2354 731 2428 resoluto
753 2354 882 2427 vimine
894 2354 1292 2453 vinculorum,reperies
1305 2363 1438 2433 externi

472 2464 609 2540 seminis
630 2489 794 2564 gernnram
817 2463 901 2538 mire
926 2465 961 2537 in
985 2464 1115 2539 arboris
1144 2466 1262 2539 alienae
1286 2470 1438 2543 membra

470 2574 630 2648 tranfisse.

376 2739 380 2760 .
474 2697 477 2705 “
519 2687 578 2756 Vl.
602 2685 681 2759 Hoc
698 2682 797 2757 etiam
811 2682 923 2757 mense
937 2681 1042 2757 vituli
1061 2684 1149 2757 resle
1170 2684 1189 2784 (
1199 2703 1236 2758 ut
1250 2685 1373 2759 dislum
1386 2688 1434 2761 est

465 2792 573 2891 ante)
599 2793 795 2865 callrantur.
813 2795 917 2864 Nunc
932 2790 1031 2864 etiam
1045 2792 1176 2866 caseum
1198 2792 1270 2888 jure
1287 2797 1454 2871 confici·=

467 2929 565 2988 mus,
585 2902 734 2976 &oves
746 2901 781 2973 in
796 2900 915 2997 frigida
932 2892 1074 2999 regiohe
1095 2904 1286 2983 tondemus.
1418 2993 1421 2998 Ι

516 3013 590 3081 Vll.
614 3012 693 3082 Hoc
712 3010 823 3081 mense
842 3010 990 3081 alvearia
1005 3010 1236 3088 castrabantur
1245 3067 1257 3100 ,
1273 3040 1349 3109 quae
1362 3041 1433 3087 ma·

465 3140 540 3197 tura
554 3120 618 3194 esse
633 3121 674 3194 ad
690 3120 799 3194 mellis
812 3121 959 3194 reditum·
980 3122 1079 3220 sgnis
1093 3150 1193 3219 quarn
1213 3126 1364 3219 pluribus
1378 3128 1432 3200 in-

462 3230 640 3303 struemur.
655 3226 855 3316 Primum‚sr
870 3228 970 3324 plena
983 3226 1057 3301 sunt
1068 3282 1079 3318 ,
1091 3222 1193 3324 apum
1209 3229 1325 3301 subtile
1337 3258 1429 3303 mur-

341 3330 346 3340 ’
460 3361 542 3412 mur
567 3335 732 3407 audimus.
760 3359 837 3407 nam
863 3359 989 3407 vacuae.
1006 3334 1096 3408 sedes
1120 3334 1306 3425 favorum,
1331 3338 1428 3413 velut

459 3468 618 3517 concava
638 3440 798 3532 aedilicia,
820 3465 1045 3541 voces‚quas
1068 3442 1279 3539 acceperint,
1295 3442 1331 3514 in
1351 3471 1425 3537 ma·

457 3549 514 3649 jus
533 3551 714 3623 extollunt.
736 3577 839 3649 quare
860 3576 938 3624 cum
958 3551 1138 3624 murmuris
1162 3554 1262 3624 sonus
1285 3578 1424 3651 magnus

456 3666 498 3737 δι
512 3685 630 3733 raucus
644 3661 711 3750 esi,
727 3660 1039 3758 agnoscimus,non
1058 3661 1123 3731 esse
1140 3660 1280 3734 idoneas
1294 3664 1334 3733 ad
1349 3688 1423 3734 me·

416 3774 418 3776 ’
452 3773 597 3843 tendum
620 3777 725 3843 crates
748 3768 919 3843 favorum.
953 3768 1033 3841 irem
1058 3792 1134 3840 cum
1160 3767 1258 3841 sucos
1288 3796 1307 3840 a
1332 3768 1419 3840 sedi-

452 3880 517 3954 bus
539 3880 626 3967 suis,
648 3879 705 3976 qui
719 3878 793 3950 sunt
807 3904 884 3975 apes
903 3876 1071 3971 majores,
1092 3878 1209 3973 grandi
1227 3876 1419 3952 intentione

451 3990 659 4076 deturbant,
686 4007 817 4058 matuta
843 3985 947 4057 mella
966 3983 1142 4057 testantur.
1174 3984 1417 4068 Castrabuntur

438 4091 565 4171 ‘autem
588 4098 734 4169 alvearia
753 4094 925 4168 matutinis
947 4093 1041 4165 horis
1053 4150 1064 4180 ,
1077 4121 1153 4167 cum
1167 4113 1304 4188 torpent
1317 4120 1416 4189 apeS,

451 4230 515 4277 nec
528 4205 698 4278 caloribus
717 4203 920 4297 asperantur.
938 4206 1061 4274 Fumus
1075 4205 1277 4275 admovetur
1288 4230 1330 4274 ex
1344 4205 1413 4299 gal·

343 4333 346 4364 -’
449 4310 541 4383 bano
561 4316 598 4387 &
623 4315 718 4384 arirlo
734 4310 817 4381 simo
838 4312 990 4396 bubulo,
1013 4337 1113 4408 quem
1135 4314 1170 4384 in
1193 4313 1339 4408 pultario
1363 4315 1412 4385 sa·

448 4417 508 4493 slis
522 4422 725 4495 carbonibus
743 4419 912 4501 convenit
931 4420 1097 4498 excitaret
1112 4424 1206 4519 quod
1222 4446 1281 4497 vas
1300 4421 1346 4493 ira
1367 4420 1417 4504 si·„
1443 4468 1451 4491 .
