3875 5759
1087 705 1108 738 d

507 887 1370 974 norncenuituurrnm
1486 972 1491 980 ,

504 1063 591 1136 ficca
604 1058 702 1145 sunt,
719 1055 809 1128 inter
826 1053 957 1127 medios
971 1053 1101 1139 sulcos3
1119 1054 1142 1126 st
1158 1052 1312 1142 humida,
1325 1051 1361 1125 in
1376 1051 1469 1125 sumi

504 1172 621 1245 mitate
659 1166 839 1239 sulcorum.
876 1166 1013 1237 Humor
1046 1161 1203 1259 spongias
1233 1162 1470 1259 asparagorum

503 1276 642 1351 transitu
660 1273 721 1346 suo
736 1271 835 1344 debet
851 1287 984 1343 tantum
998 1269 1127 1367 rigare,
1143 1272 1215 1343 no'n
1227 1270 1346 1346 tinere.
1368 1271 1470 1365 Aspa-

505 1410 643 1483 ragum,
658 1406 757 1478 quem
773 1379 886 1476 primo
899 1378 1126 1477 protulerint,
1140 1379 1358 1478 confringere
1371 1380 1470 1453 debe·

504 1517 600 1578 mus,
615 1515 687 1580 non
700 1490 865 1580 avellere,
882 1513 924 1561 ne
942 1488 1052 1560 adhuc
1067 1486 1252 1563 invalidam
1270 1514 1472 1564 moveamus

504 1599 702 1697 spongiam:
720 1597 840 1672 ceteris
861 1598 957 1673 annis
979 1593 1176 1672 avellendus
1201 1600 1267 1689 esl,
1287 1620 1325 1673 ut
1348 1602 1471 1672 oculos

505 1711 573 1783 suae
594 1707 849 1807 germinationis
864 1706 990 1807 aperiat
1005 1707 1106 1803 :quia
1124 1709 1147 1780 si
1169 1710 1328 1805 deinceps
1347 1709 1472 1781 refrin-

505 1819 695 1921 gas,loca,
718 1845 795 1918 quac¹
815 1817 977 1891 soecunda
995 1818 1063 1901 else=
1073 1818 1348 1909 consueverunt,
1362 1846 1473 1891 rema·

507 1931 611 2004 nente
629 1916 780 2025 asparagi
795 1926 908 2001 radice
920 1925 1131 1999 claudentur.
1144 1926 1399 2024 [Ministrabunt
1412 1954 1474 1999 au·

507 2064 578 2116 tem
604 2063 711 2116 vere:
734 2036 791 2136 &]
811 2038 996 2109 auciumno
1019 2035 1203 2111 reservabis
1222 2063 1320 2128 eum,
1338 2040 1379 2110 de
1402 2062 1474 2133 quo

508 2152 679 2223 sumturus
702 2170 737 2218 es
761 2144 899 2218 semina.
920 2143 1036 2239 postea
1057 2144 1176 2242 scopas
1199 2146 1271 2242 ejus
1293 2147 1475 2236 incendes,

509 2276 592 2329 tunc
612 2256 701 2329 circa
716 2252 859 2325 hiemem
875 2252 1024 2351 spongiis
1037 2251 1173 2345 adjicies
1192 2258 1316 2330 stercus
1330 2260 1367 2330 &
1382 2257 1477 2330 cine·

510 2392 593 2439 rem.
608 2368 687 2438 Hoc
701 2362 815 2435 mense
832 2381 908 2435 ruta
920 2361 1039 2434 seritur
1051 2363 1137 2436 locis
1152 2367 1295 2459 apricis,
1313 2366 1415 2438 solius
1429 2368 1479 2441 ci·

450 2479 452 2484 ’
512 2478 602 2564 neris
622 2474 829 2571 inspersrone
851 2491 1026 2546 contenta.
1044 2476 1135 2551 Loca
1156 2475 1319 2548 desiderat
1332 2478 1478 2566 altiora,

512 2590 602 2662 unde
624 2587 751 2659 humor
770 2583 924 2658 elabitur.
943 2582 968 2653 fi
989 2606 1097 2677 ponas
1125 2580 1250 2657 semina
1273 2584 1346 2680 ejus
1368 2588 1479 2661 adhuc

513 2696 625 2773 clausa
643 2692 829 2782 folliculis,
844 2691 1032 2789 singulatim
1052 2717 1154 2765 manu
1175 2693 1312 2768 debebis
1334 2696 1480 2792 affigere.

514 2808 548 2879 Si
565 2805 632 2904 jam
648 2805 779 2879 minuta
791 2801 887 2895 sunt,
901 2802 1012 2901 sparsa
1024 2800 1182 2899 jactabis,
1195 2805 1233 2878 &
1247 2806 1353 2878 raslro
1368 2807 1481 2879 obdu·

514 2923 568 2995 ua
593 2918 781 3014 cooperies.
809 2916 932 3005 Caules
951 2914 1041 3008 ejus,
1063 2916 1123 3013 qui
1144 2917 1279 2991 inclusis
1300 2919 1482 2993 seminibus

515 3029 587 3102 nati
610 3025 758 3108 suerint,
779 3020 946 3093 fortiores
971 3043 1089 3109 erunt,
1113 3025 1168 3097 sed
1192 3027 1265 3101 sero
1290 3032 1482 3104 nascentur.

515 3129 651 3205 Ramuli
666 3127 737 3223 ejus
749 3152 826 3201 cum
841 3127 954 3223 aliqua
975 3131 1114 3211 corticis
1127 3151 1221 3227 parte
1235 3138 1389 3208 convulsi
1406 3164 1483 3210 ver·

518 3262 567 3312 no
587 3257 743 3333 ternpore
757 3261 822 3334 pro
837 3234 960 3333 plantis
980 3238 1164 3313 tenebunt:
1180 3259 1253 3317 tota
1274 3269 1360 3316 vero
1373 3264 1484 3319 trans-

518 3350 584 3422 lata
601 3350 778 3421 morietur.
793 3346 964 3422 Nonnulli
981 3345 1129 3422 ramulos
1146 3348 1216 3444 ejus
1235 3354 1377 3448 pertusa
1398 3337 1485 3429 sabae

519 3458 669 3532 inserunt
683 3455 740 3531 vel
756 3457 882 3542 bulbo,
896 3473 997 3555 atque
1010 3457 1057 3530 ita
1070 3458 1221 3532 obruunt
1234 3462 1347 3537 alieno
1363 3464 1486 3562 vigore

422 3602 425 3608 ·
518 3567 715 3643 servandos.
728 3567 984 3667 Prosequuntur
998 3570 1098 3643 etiam
1113 3572 1314 3664 maledidis,
1328 3578 1365 3649 δι
1379 3577 1487 3649 maxi·

521 3676 623 3752 mein
638 3697 726 3750 terra
740 3676 842 3750 soluti
857 3672 969 3751 lateiis
980 3684 1239 3778 ponunt,qnod
1254 3684 1404 3777 prodesse
1415 3710 1487 3757 cer·

522 3790 680 3862 tisllmum
701 3787 760 3862 est.
782 3786 858 3876 sed,
882 3808 920 3861 ut
940 3790 1109 3880 asserunt,
1123 3790 1241 3863 melius
1261 3791 1385 3866 firrtiva
1404 3800 1488 3887 pro·

523 3896 651 3970 veniet.
669 3895 730 3967 sub
753 3894 808 3967 sici
824 3893 957 3968 arboris
976 3898 1097 3970 umbra
1116 3897 1274 3970 libentius
1294 3897 1489 3992 acquiescit.

524 4031 596 4079 non
614 4002 718 4079 effodi
740 4002 865 4087 herba,
886 4001 944 4074 sed
962 4011 1063 4099 'optat
1079 4003 1190 4080 avelli.
1210 4005 1392 4076 immunda
1413 4031 1491 4078 mu·

523 4112 614 4185 lieris
628 4111 802 4185 ·formidat
829 4112 996 4184 ananum.
1019 4111 1074 4184 Ab
1093 4112 1161 4186 hoc
1188 4111 1302 4186 meuse
1325 4111 1490 4211 usquein

523 4221 709 4293 onobrem
731 4237 843 4293 totum
868 4218 1084 4293 coriandrum
1102 4220 1231 4295 seritur.
1253 4241 1341 4294 amat
1366 4241 1489 4294 terram

439 4345 443 4352 ’
472 4360 483 4382 s
523 4322 704 4422 pinguem,
719 4326 774 4402 sed
794 4327 833 4402 δι
851 4350 970 4403 macro
988 4325 1070 4402 solo
1090 4327 1245 4431 nascitur.
1275 4328 1388 4403 semen
1415 4353 1491 4416 me2

1235 4469 1239 4477 '
1263 4467 1267 4500 l
