3875 5759
1380 907 1449 985 207

552 1064 1445 1207 ΡΑιιΑυιιΒυτιιιιΚ

560 1312 1355 1450 trnunrmnmnut

817 1640 820 1645 .
933 1555 1010 1609 Η
1289 1600 1313 1607 ff
1595 1644 1597 1649 .

490 2065 496 2079 ·
627 1992 677 2050 ‘¹
762 2038 1167 2119 atsenxrn.

727 2243 1251 2282 -......-.-......-.·

488 2448 515 2520 1.
540 2388 783 2526 Drermn
796 2454 906 2528 mense
920 2455 1072 2529 seruntur
1083 2455 1268 2535 frumenta
1280 2455 1443 2546 triticum·

488 2553 563 2642 far,
577 2558 738 2633 ordeum:
729 2563 916 2660 ·quamvis
936 2565 1032 2636 ordei
1056 2562 1171 2635 satio
1163 2588 1229 2656 tam
1249 2562 1316 2635 sera
1332 2565 1381 2636 stt.
1399 2569 1443 2635 Et

487 2607 612 2736 sabai
584 2691 671 2739 circa
688 2668 940 2762 septimontium
955 2669 1018 2740 seri
1031 2669 1151 2761 potest.
1173 2693 1250 2740 nam
1272 2667 1347 2761 post
1362 2692 1443 2739 erra·

485 2775 571 2846 &arn
590 2776 742 2848 brumam
763 2778 849 2856 male
873 2775 1086 2848 seminantur.
1105 2778 1182 2848 Hoc
1206 2774 1305 2846 etiam
1332 2775 1452 2848 mense
1587 2769 1589 2774 ’

486 2880 596 2952 adhuc
622 2882 683 2951 lini
701 2880 828 2952 semen.
836 2881 942 2979 spargi
971 2882 1117 2978 poterit,
1140 2880 1267 2978 usque
1267 2881 1354 2978 [ad]
1381 2903 1438 2954 v11

485 2987 564 3058 idus
581 2989 788 3062 Decembris.
1435 3031 1437 3034 ·

501 3100 572 3170 11.
593 3099 693 3174 Nunc
713 3103 754 3173 ad
769 3099 985 3176 instituendas
1002 3099 1110 3190 vites,
1124 3099 1179 3173 sed
1192 3098 1268 3195 post
1288 3099 1363 3173 Idus
1375 3118 1439 3197 ρει·
1464 3101 1466 3105 ’
1566 3090 1569 3103 ’

483 3204 567 3279 ttina
586 3190 783 3283 inchoemus
800 3208 972 3296 effodere,
992 3209 1166 3283 sicurante
1189 3209 1360 3280 trasiatum
1380 3210 1439 3286 est.
1542 3251 1545 3256 ·
1594 3317 1602 3328 ι

482 3316 525 3386 Et
543 3317 715 3389 materiem
730 3314 814 3389 bene
828 3318 895 3390 hoc
910 3262 1020 3393 meitse
1034 3319 1219 3390 credemus:
1240 3317 1334 3410 palos
1346 3342 1438 3410 quo-

483 3446 551 3519 que
568 3426 737 3498 &corbes
755 3412 933 3511 faciemus,
947 3427 985 3496 &
999 3423 1138 3498 ridicas..
1153 3427 1195 3494 Et
1208 3421 1293 3496 locis
1307 3421 1435 3520 frigidis

482 3533 598 3605 oleum
620 3532 779 3606 faciemus
803 3556 844 3604 ex
867 3533 986 3620 lauro,
1011 3534 1048 3606 δι
1067 3531 1173 3630 myrti
1191 3532 1307 3606 baccas
1333 3550 1435 3629 atque

481 3637 612 3713 lentisci
632 3639 667 3714 in
686 3640 754 3714 olei
770 3641 818 3713 sui
838 3637 1052 3713 consessione
1073 3639 1316 3734 quassabimus,
1331 3643 1368 3714 δι
1382 3641 1434 3714 vi·
1560 3643 1562 3647 ’

481 3773 563 3821 num
584 3748 746 3845 myrtite,
759 3749 841 3823 sicut
855 3749 978 3820 elisium
993 3747 1041 3819 est
1054 3767 1154 3835 ante,
1172 3748 1385 3846 retingemus.

530 3863 584 3933 111.
606 3859 684 3931 Hoc
702 3879 856 3956 tempore
874 3860 1011 3932 serenda
1030 3858 1076 3930 est
1092 3859 1240 3948 lasiuca,
1264 3879 1308 3929 ut
1321 3858 1434 3952 planta

482 3965 553 4061 ejus
569 3967 750 4039 Februario
763 3966 987 4039 transferatur,
1006 3968 1048 4039 Er
1064 3965 1130 4058 jam
1151 3992 1242 4038 nunc
1261 3966 1375 4059 allium
1395 3969 1434 4047 δι
1481 4014 1483 4017 -

482 4075 652 4166 ulpicum,
666 4080 704 4149 &
717 4076 874 4169 cepullae,
886 4079 924 4148 &
937 4075 1061 4171 sinapi,
1076 4081 1112 4149 δι
1127 4075 1246 4148 eunela
1260 4075 1321 4146 seri
1335 4096 1436 4172 pote·
1562 4067 1565 4073 ¹

481 4203 582 4269 runt,
596 4183 767 4278 discipl-ina
783 4186 820 4256 ὅ(
835 4209 950 4275 more,
966 4210 1037 4282 quo
1053 4209 1130 4256 ante
1144 4204 1311 4268 narratum
1326 4182 1384 4254 est.
1431 4252 1434 4259 .

451 4384 454 4389 r
531 4293 586 4368 tv.
610 4293 854 4390 Hypomelides
871 4320 974 4392 poma
997 4294 1089 4385 suut,
1108 4314 1145 4415 ut
1168 4291 1330 4367 Martialis
1353 4291 1434 4367 affe·
1567 4325 1580 4334 ·
