3875 5759
476 823 494 894 Ι
624 783 738 852 mu.
776 782 826 854 ιι
866 773 1339 848 surreptura.
1414 780 1481 872 167

455 970 477 1040 ,ς
597 967 633 1014 m
652 937 777 1012 insulsa
799 918 950 1031 amurca,
965 938 1024 1015 vel
1040 937 1197 1035 praedirra
1212 961 1298 1034 aqua
1315 935 1425 1044 sulces
1441 941 1481 1016 δι

455 1007 562 1182 ,Σὲ
557 1071 613 1124 tra
635 1048 857 1145 perfundunt.

455 1204 541 1279 ,ιι
550 1166 612 1237 lV.
640 1163 743 1236 Nune
764 1160 880 1261 gracili
902 1161 979 1235 solo
1000 1162 1150 1238 ordeum
1165 1158 1288 1233 seritur
1306 1159 1479 1234 cantheri-

455 1291 615 1379 ‚ctum.
637 1271 762 1346 modiis
776 1294 804 1343 v
827 1298 887 1369 per
908 1274 1070 1371 jugerum.
1086 1270 1246 1344 Posthoc
1261 1277 1372 1366 genus
1379 1293 1481 1369 agros

455 1322 665 1599 {bessam
645 1382 802 1478 patieris,
818 1381 878 1454 nisr
895 1382 984 1455 sorte
998 1385 1152 1455 laetamen
1159 1380 1373 1479 aspergas

480 1455 599 1566 ·V.
617 1493 742 1581 Nunc,
762 1492 819 1566 vel
840 1492 1005 1564 maturius
1028 1492 1224 1589 aliquanto,
1241 1490 1378 1586 lupinus
1398 1489 1480 1563 seri·

541 1624 557 1672 r
578 1600 614 1672 in
630 1599 862 1697 qualicunque
880 1619 990 1687 terra,
1006 1602 1063 1672 vel
1088 1600 1195 1673 crudo
1216 1599 1315 1672 so'lo:
1336 1624 1392 1670 cur
1382 1598 1477 1671 boc

455 1707 680 1830 proderit,
709 1725 747 1779 ut
772 1708 898 1779 seratur
924 1728 1103 1804 antequam
1130 1708 1236 1805 frigus
1258 1707 1405 1802 incipiat.
1433 1706 1479 1777 li·

455 1783 604 1888 imoso
632 1839 717 1913 agro
733 1840 805 1888 non
821 1815 991 1890 nascitur:
1006 1839 1130 1888 cretam
1149 1815 1371 1887 reformidat.
1388 1829 1478 1886 amat

498 1926 627 2002 exilem
654 1945 777 1999 terram
807 1946 910 2027 atque
939 1928 1136 2001 rubricam:
1164 1946 1192 1997 x
1218 1922 1378 2000 modiis
1367 1921 1477 2021 jugeri

456 2109 457 2120 ,
455 2034 664 2107 mensura
689 2036 891 2134 completur.

457 2163 460 2170 ·
555 2144 714 2216 V1.Hoc
734 2145 847 2220 mense
872 2146 1045 2242 posiremo
1066 2144 1174 2244 pisum
1199 2144 1369 2232 scremus,
1384 2159 1474 2215 terra
1597 2139 1602 2147 ’

501 2251 598 2338 sacili
619 2257 657 2330 δι
674 2255 808 2348 soluta,
830 2258 915 2331 loco
935 2258 1075 2355 tepide,
1097 2258 1190 2335 coelo
1212 2259 1393 2331 delebatur
1410 2257 1475 2326 hu-'

500 2363 658 2438 medo.
648 2391 769 2464 lugeto
797 2386 946 2465 quatuor
975 2369 1113 2441 modios
1141 2367 1198 2442 vel
1229 2390 1297 2439 tres
1329 2360 1475 2460 sparsisse

479 2471 656 2568 ¹sufficiet.

477 2579 480 2592 ’
550 2587 626 2659 v11.
646 2585 750 2684 Nunc
768 2584 922 2660 fisamum
946 2585 1066 2660 seritur
1082 2582 1174 2680 putri
1201 2581 1300 2671 soso,
1317 2580 1428 2653 vel
1396 2604 1474 2675 pm·

498 2693 626 2792 guibus
649 2696 784 2785 arenis,
806 2696 863 2772 vel
884 2715 971 2769 terra
997 2691 1248 2816 congesticia·
1205 2716 1359 2789 jugero
1384 2714 1473 2786 qua·

501 2820 587 2875 tuor
603 2803 662 2876 vel
675 2803 730 2878 sex
744 2750 904 2880 scirtarios
919 2805 1034 2878 sevisse
1059 2801 1255 2879 conveniet
1283 2802 1362 2873 Hoc
1376 2824 1471 2872 men·

497 2907 542 2982 se
563 2911 753 3006 postremo,
767 2915 875 3012 prima
897 2915 976 2995 vice
999 2940 1097 3016 agros
1119 2912 1397 3013 proscindemus,
1411 2908 1472 3009 qui

504 3015 653 3094 babituri
672 3021 747 3097 sunt
765 3025 943 3100 medicam

551 3131 816 3209 V111.Nunc
781 3136 883 3211 vrciae
900 3138 1009 3235 prima
1022 3137 1106 3213 satio
1121 3137 1167 3211 est
1180 3139 1219 3213 δι
1233 3133 1321 3211 soeni
1337 3130 1472 3224 Graeci,

501 3263 581 3312 cum
602 3242 717 3337 pabuli
731 3245 835 3318 causa
858 3245 1021 3322 seruntur.
1042 3247 1149 3320 Viciae
1173 3267 1233 3319 vu
1254 3242 1362 3317 modii
1376 3239 1471 3340 juge·

499 3345 598 3435 ru'm,
611 3373 707 3446 aeque
728 3353 767 3425 δι
785 3351 873 3425 soeni
890 3356 1006 3428 Graeci
1018 3345 1128 3427 semen
1141 3353 1307 3450 implebit.
1324 3352 1472 3445 Farrago

500 3454 605 3526 ctiam
627 3456 711 3530 loco
733 3462 872 3535 restibili
893 3464 1082 3537 stercorato
1110 3463 1250 3538 seritur:
1267 3461 1364 3539 ordei
1388 3485 1470 3533 can·

500 3564 628 3639 therini
646 3564 766 3669 jugero
783 3593 810 3644 x
832 3574 970 3648 modios
993 3573 1177 3672 spargimus
1201 3573 1292 3647 circa
1312 3570 1470 3669 aequino·

500 3676 604 3752 &ium
619 3733 631 3770 ,
652 3700 690 3754 ut
709 3702 788 3759 ante
803 3687 949 3760 hiemem
969 3685 1250 3784 convalescatqsi
1265 3682 1395 3781 depasci
1410 3682 1469 3753 sae·

498 3787 583 3884 pius·
600 3790 685 3865 velis
697 3794 828 3892 ‚usque
855 3797 891 3869 in
916 3795 1048 3891 Maium
1072 3795 1219 3868 mensem
1242 3792 1314 3888 ejus
1336 3789 1469 3887 pastura

471 3897 649 3976 sufficiet.
679 3903 819 4001 quodsr
843 3932 944 3980 exea
966 3907 1078 3978 semen
1102 3906 1201 3979 ctiam
1225 3904 1395 4001 redigere,
1417 3900 1469 3973 us·
1529 3888 1534 3898 ¹

500 4035 569 4107 que
587 4014 629 4084 ad
654 4015 795 4089 Martias
813 4018 1011 4109 Kalendas3
1029 4019 1069 4091 &
1094 4015 1218 4089 dehinc
1239 4036 1364 4111 pecora
1384 4035 1469 4110 pro·

494 4118 638 4196 hibebis.
838 4184 853 4194 ,

550 4232 612 4304 tx.
635 4232 714 4309 Hoc
730 4233 863 4333 mense,
876 4234 1259 4316 utloc'asoecundemur
1278 4232 1404 4327 exilia,
1416 4232 1469 4310 lte?
