3875 5759
605 932 708 1013 LlB.
746 931 838 1005 Xll.
886 933 1333 1014 NOVEMBER.
1388 966 1451 1040 191

487 1089 614 1163 oleum.
637 1117 713 1164 nam
734 1116 810 1165 cum
833 1110 904 1174 tota
928 1092 1112 1190 nigrescet,
1126 1097 1222 1191 quod
1244 1097 1364 1193 speciei
1382 1126 1455 1174 me·
1494 1117 1518 1169 ¹.
1576 1101 1580 1110 ’

488 1200 556 1274 rito
578 1203 786 1297 posteravit,
808 1201 971 1276 fundendi
993 1205 1143 1277 ubertate
1167 1207 1376 1301 compensat.
1398 1210 1455 1283 Est

489 1309 580 1382 utilis
603 1312 753 1384 olearum
773 1313 928 1409 putatio,
949 1331 1209 1411 ceterarumque
1229 1313 1455 1407 arborum,s1

488 1418 557 1491 loci
575 1421 698 1515 patitur
712 1421 907 1517 disciplina,
921 1439 959 1495 ut
974 1476 983 1511 ,
997 1421 1114 1517 decibs
1135 1422 1388 1513 cacuminibus,
1401 1452 1456 1500 ra·

486 1530 535 1602 mi
561 1531 703 1607 fluentes
725 1559 785 1630 pet·
813 1535 914 1606 latera
939 1559 1050 1632 prona
1076 1534 1273 1632 fundantur.
1294 1537 1404 1628 Quod
1431 1537 1455 1610 ss
1572 1561 1574 1566 ⁴
1612 1601 1615 1610 .

487 1638 583 1736 regio
605 1642 753 1715 insolens
772 1645 810 1731 δι
827 1642 1027 1724 incustodita
1056 1642 1260 1750 contigerit,
1286 1646 1454 1741 agendum

485 1748 577 1844 prius
594 1768 672 1824 toto
691 1743 821 1824 arboris
844 1755 994 1847 corpore
1015 1751 1058 1821 ab
1078 1749 1243 1823 inferiore
1258 1771 1353 1846 parte
1375 1780 1455 1848 pur·

485 1878 589 1956 gatO,
613 1847 651 1931 itt
669 1860 848 1936 altitudine
871 1859 1066 1930 animalium
1084 1858 1311 1955 supergressa,
1333 1865 1454 1939 modus

484 1967 737 2040 transcendatur
759 1964 913 2059 injuriae,
927 1967 964 2038 bc
980 1965 1084 2054 arbor.
1095 1962 1162 2059 jam
1186 1966 1293 2063 spatio
1309 1969 1369 2043 suo
1384 1988 1455 2046 tuta

484 2095 633 2149 curetur.
963 2155 966 2165 Ι
1013 2138 1016 2142 .

534 2190 578 2256 V.
599 2186 704 2256 Nunc
718 2181 819 2255 etiam
841 2182 927 2256 locis
950 2181 1067 2257 calidis
1085 2209 1123 2258 ac
1141 2183 1235 2259 ficcis
1257 2184 1455 2284 regionibus

486 2290 617 2364 oliveta
639 2312 836 2387 ponuntur,
858 2292 938 2367 ficut
959 2293 1143 2367 Februario
1167 2295 1370 2391 disputatum
1396 2300 1453 2373 esl.

484 2408 584 2475 Amat
599 2403 671 2476 haec
687 2406 789 2476 arbor
801 2405 907 2479 arduo
926 2404 1083 2477 locorum
1099 2403 1160 2477 s1tu
1179 2405 1398 2482 mediocriter
1410 2400 1454 2482 ab

483 2512 627 2585 humore
643 2511 817 2609 suspendi,
833 2512 933 2610 scalpi
947 2515 1092 2601 assidue,
1107 2513 1286 2586 laetaminis
1300 2511 1453 2589 ubertate

484 2621 729 2719 pinguescere,
757 2621 924 2699 feracibus
963 2622 1075 2695 ventis
1108 2623 1292 2694 clementer
1323 2624 1454 2721 agitari.

483 2732 564 2803 Hoc
585 2730 685 2801 etiam
710 2728 824 2801 mense
842 2728 927 2801 oleis
943 2728 1130 2818 sterilibus,
1146 2755 1222 2824 quae
1244 2719 1344 2825 supra'
1367 2731 1467 2814 dicia,

482 2838 578 2927 sum,
592 2838 737 2911 remedia
752 2836 923 2909 faciemus.
937 2839 971 2908 N
974 2863 1040 2910 unc
1054 2838 1091 2909 δι
1108 2836 1247 2925 corbes,
1262 2839 1300 2911 δι
1314 2840 1400 2935 pali,
1414 2846 1453 2915 δι

485 2940 601 3019 ridicae
613 2934 700 3019 ben'e
721 2946 794 3018 fieri
807 2947 956 3044 possunt.
980 2948 1087 3021 Etiam
1108 2974 1200 3024 nunc
1218 2950 1305 3025 locis
1320 2971 1452 3049 tempe-

484 3056 564 3131 ratis
577 3110 588 3142 ,
603 3056 650 3128 est
666 3056 786 3129 laurini
804 3056 873 3128 olei
891 3055 971 3148 justa
995 3056 1179 3132 confectio.

534 3168 593 3241 Vl.
618 3168 697 3238 Hoc
717 3166 830 3239 mense
850 3167 965 3240 allium
981 3167 1068 3239 bene
1091 3166 1226 3253 seritur,
1242 3170 1280 3243 δι
1299 3169 1453 3266 ulpicum'

483 3293 570 3349 terra
591 3276 734 3349 maxime
756 3275 851 3365 alba,
876 3274 960 3349 solla
986 3280 1024 3351 &
1055 3276 1179 3348 subacta
1201 3278 1270 3349 fine
1294 3279 1450 3354 slcrcore.

483 3389 604 3461 Sulcos
618 3388 654 3459 in
676 3387 760 3461 areis
776 3386 897 3475 facies,
912 3391 949 3459 δι
965 3388 1090 3459 semina
1111 3388 1145 3459 in
1161 3388 1248 3461 locis
1271 3389 1449 3462 altioribus

481 3520 591 3591 pones
612 3517 655 3566 1v
674 3494 787 3590 digitis
808 3495 972 3589 separata,
988 3519 1097 3589 neque
1117 3495 1215 3566 altius
1237 3497 1351 3589 pressa.
1375 3499 1460 3567 Sar:

483 3603 612 3676 culabis
623 3602 838 3698 frequenter,
857 3602 936 3672 inde
952 3604 1027 3696 plus
1042 3602 1203 3676 crescent.
1214 3603 1248 3674 Si
1262 3604 1447 3700 'capitatum

483 3714 595 3787 sacere
616 3713 788 3797 volueris,
804 3712 862 3784 ubi
885 3711 1030 3807 coeperit
1053 3712 1157 3788 caulis
1180 3715 1340 3805 prodire,
1363 3738 1450 3808 pro-

482 3822 601 3908 culca;
616 3820 734 3894 succus
756 3841 944 3894 revertetur
964 3821 1006 3891 ad
1029 3818 1144 3915 spicas.
1166 3822 1342 3908 Fertur,si
1367 3820 1448 3891 luna

483 3932 545 4004 sub
560 3931 657 4004 terris
678 3929 784 4025 posita
800 3929 947 4019 seratur,
961 3934 1000 4006 ὃ(
1014 3930 1094 4002 item
1110 3928 1173 4000 sub
1187 3929 1283 4001 tetris
1302 3928 1382 4000 luna
1394 3929 1448 4001 la·

484 4059 577 4112 teme
595 4040 760 4127 vellatur,
774 4040 893 4112 odoris
911 4039 1066 4112 foeditate
1085 4031 1280 4111 cariturum.
1298 4036 1364 4108 Vel
1386 4063 1447 4133 pa·

485 4149 546 4220 leis
576 4151 715 4222 condita
744 4147 845 4237 allia,
876 4150 935 4222 vel
960 4146 1057 4219 fumo
1086 4144 1237 4243 suspensa
1265 4144 1446 4219 durabunt.

485 4259 592 4329 Nunc
615 4258 661 4328 δι.
675 4256 807 4352 cepulla
827 4255 888 4327 seri
910 4255 1038 4351 potest,
1053 4254 1092 4329 δι
1116 4253 1317 4328 carduorum
1329 4252 1445 4351 planta

487 4364 643 4463 disponi,
657 4366 697 4438 δι
710 4388 904 4441 armoracea
924 4364 1068 4458 seritur,
1083 4368 1120 4441 δι
1138 4356 1267 4439 cunela-
