3875 5759
550 913 683 1022 tuns
710 887 935 985 vertum
948 909 1049 983 nvn
1075 883 1262 986 nuton.
1323 934 1391 1011 355
1455 946 1457 949 <

430 1075 488 1152 ssis
508 1076 667 1172 separare.
682 1076 792 1169 Quod
810 1093 866 1148 aut
887 1073 1022 1147 inloto
1042 1075 1241 1149 calidiffimo
1262 1074 1393 1150 facien·

429 1191 511 1262 dnm
529 1190 595 1277 est,
608 1208 664 1261 aut
687 1187 850 1261 subdivo
872 1186 941 1258 sole
956 1184 1123 1258 fervente.
1137 1186 1312 1282 Aliquanti
1332 1186 1396 1261 fae·

431 1324 489 1372 ces
511 1296 585 1372 vini
607 1301 646 1371 δι
664 1297 819 1393 uxnngiae
845 1293 1090 1382 commiscent,
1112 1317 1223 1391 eoque
1248 1292 1397 1370 medica·
1506 1318 1511 1326 ·

429 1426 549 1482 mento
568 1407 686 1504 tepido
711 1404 786 1503 post
808 1402 997 1477 fomentum
1024 1402 1219 1518 ptaedidium
1243 1421 1398 1479 utuntur,

386 1601 388 1605 y
431 1519 488 1592 Est
499 1538 598 1590 ettam
612 1540 727 1615 gravis
745 1514 926 1611 pernicies,
941 1532 980 1586 ut
995 1513 1073 1585 cum
1094 1512 1272 1607 pulmones
1296 1512 1399 1586 exul·
1485 1605 1488 1610 J
1531 1574 1536 1584 .
1569 1501 1583 1544 ³

432 1618 610 1716 terantur,
625 1624 716 1697 unde
737 1622 826 1696 tuffis
847 1625 885 1697 δι
905 1617 1107 1706 maciet,ad
1128 1619 1285 1693 ultimum
1310 1647 1399 1697 vero

432 1737 570 1833 phthisis
582 1733 734 1815 invadit,
746 1758 821 1830 quae
833 1751 977 1804 mortem
991 1723 1140 1801 afferant.
1154 1729 1261 1800 Radix
1279 1734 1396 1816 confi·
1427 1802 1430 1807 ,

383 1832 385 1835 ’
432 1846 556 1938 liginis,
568 1845 685 1917 succus
697 1842 803 1939 porti,
819 1840 973 1913 omnium
990 1837 1122 1907 hemina
1136 1861 1197 1931 per
1206 1841 1394 1919 mensuram

433 1956 504 2030 olei
524 1955 705 2039 miscetur,
727 1955 765 2024 δι
788 1948 925 2023 bibendi
947 1946 1023 2017 sunt
1044 1969 1125 2019 cum
1153 1946 1226 2019 vini
1251 1947 1399 2028 sextario
1476 1987 1480 1997 ’

433 2087 496 2162 per
519 2061 589 2132 dies
612 2059 787 2155 plurimos.
809 2056 1065 2152 Nonnunquam
1093 2055 1133 2129 δι
1157 2073 1272 2129 tumor
1297 2061 1400 2155 palati

433 2172 592 2245 ciborum
620 2165 785 2239 fastidium
817 2164 924 2252 facit,
953 2166 1176 2263 crebrumque
1213 2166 1402 2263 suspirium.

433 2278 575 2351 Prodest
595 2277 741 2374 palatum
756 2276 846 2349 ferro
864 2274 1012 2372 aperire,
1029 2294 1067 2347 ut
1087 2275 1236 2373 profluat
1250 2277 1401 2379 sanguis,
1437 2279 1442 2288 ’

437 2390 495 2467 cui
513 2414 632 2463 ervum
648 2388 716 2461 fine
731 2387 830 2461 corio
848 2405 1052 2461 maceratum
1066 2361 1109 2484 ad
1126 2388 1399 2466 manducandum

437 2497 557 2586 dabis,
581 2497 792 2598 viridemque
815 2496 1001 2584 frondem,
1024 2495 1079 2567 vel
1106 2496 1287 2591 quodlibet
1310 2500 1403 2574 aliud

438 2608 545 2684 mode
565 2608 745 2704 pabulum,
760 2607 839 2678 dum
858 2608 999 2707 sanetur.
1016 2602 1051 2675 Si
1076 2604 1111 2675 in
1130 2605 1292 2700 operibus
1314 2603 1404 2683 con·¹

439 2718 566 2792 ruderit
579 2716 729 2801 collum,
743 2713 1044 2809 praedantiffimum
1057 2714 1241 2788 remedium
1256 2718 1319 2806 est,
1330 2719 1406 2793 san·

441 2826 515 2925 guis
535 2826 576 2896 ab
599 2847 677 2895 aure
700 2823 845 2895 emiffus.
864 2826 909 2894 At
931 2822 954 2892 st
980 2819 1144 2892 id'totum
1164 2820 1200 2892 in
1222 2841 1406 2919 tempore,

442 2961 520 3034 qnae
539 2952 684 3006 vocatur
703 2931 804 3004 amati
821 2932 1001 3006 amatieum
1015 2930 1078 3004 sale
1093 2949 1223 3004 tantum
1239 2936 1302 3009 δι
1293 2963 1408 3035 tmpo-

442 3044 518 3118 stto.
536 3040 571 3113 Si
585 3040 703 3113 cervix
724 3037 1407 3172 mota&de1ediaest,confiderabimus,

336 3219 341 3224 .
444 3153 605 3250 inquam
627 3148 793 3241 declinet,
813 3153 852 3226 &
877 3176 919 3224 ex
941 3149 1072 3223 diversa
1098 3171 1192 3247 parte
1212 3138 1410 3253 sangninem

407 3267 409 3270 ’
445 3261 670 3350 detrahimus,
686 3284 729 3334 ex
752 3273 790 3334 ea
810 3285 922 3350 vena,
936 3286 1013 3358 quae
1028 3258 1063 3331 in
1079 3284 1158 3333 aute
1181 3260 1317 3335 videtur
1335 3283 1411 3340 am·

445 3372 587 3495 piiffinta
602 3426 614 3459 ,
632 3397 709 3468 quae
734 3373 901 3444 sarmento
913 3373 1018 3468 prius
1044 3372 1253 3446 verberanda
1272 3376 1317 3446 ess
1333 3353 1411 3466 ,Q

445 3506 524 3553 cum
543 3474 762 3566 intumuerit,
779 3476 870 3550 fetro
864 3490 1078 3574 aperiatur,
1091 3474 1266 3579 effusoque
1279 3481 1410 3583 sangui·

449 3611 493 3660 ne
510 3587 645 3708 pendero
660 3588 713 3657 die
726 3610 769 3657 ex
783 3612 827 3659 eo
840 3587 922 3661 loco
936 3588 1102 3662 emittitur
1114 3615 1235 3680 cruor,
1252 3594 1289 3666 δι
1301 3594 1413 3671 biduo

448 3661 585 3768 vacatio
604 3692 718 3790 operis
736 3693 843 3769 datur.
857 3697 980 3771 Tertio
1001 3720 1086 3770 vero
1107 3697 1163 3770 die
1181 3695 1302 3773 levis
1293 3701 1412 3794 injun-

451 3804 542 3902 gitur
562 3802 683 3889 labor,
697 3806 734 3876 dt
756 3805 914 3899 paulatim
938 3806 979 3879 ad
1001 3807 1115 3902 operis
1134 3807 1411 3887 consuetudinem

450 3930 647 3985 revocatur.
666 3912 774 4003 Quod
793 3914 817 3984 st
833 3914 953 3989 cervix
973 3915 1009 3985 in
1029 3934 1180 3986 nentrum
1202 3932 1330 4009 partem
1350 3919 1412 3993 de-

451 4019 537 4114 jeda
556 4019 624 4109 est,
640 4020 843 4117 mediaque
834 4021 1020 4113 intumuit,
1042 4047 1082 4095 ex
1102 4042 1243 4123 utraque
1262 4026 1412 4104 auricula

453 4126 584 4222 sanguis
600 4128 775 4201 emittitur.
797 4131 868 4224 Qui
891 4132 914 4204 fi
939 4131 1028 4224 inter
1044 4132 1216 4220 triduum,
1232 4134 1326 4225 quod
1346 4134 1415 4210 bos
1533 4218 1536 4223 ,

454 4233 575 4307 vitium
601 4239 768 4334 coeperit,
788 4240 919 4316 emissus
944 4266 1020 4315 non·
1037 4239 1309 4330 est,intumescit
1335 4242 1414 4321 col·¹
1536 4234 1541 4243 ’

455 4347 524 4418 lum
535 4397 549 4435 ,
572 4348 739 4447 nervique
767 4352 971 4447 tenduntur,
985 4355 1024 4431 δι
1042 4352 1089 4427 ita
1107 4367 1185 4530 ntia
1207 4350 1341 4429 durities
1359 4350 1411 4454 ju·

1200 4482 1221 4533 2

1200 4694 1211 4725 χ
1282 4739 1284 4744 ,
