3875 5759
480 928 524 1001 88
599 925 980 1000 PALLADII
1029 920 1346 995 RUTILII

483 1091 660 1166 serendus:
676 1088 814 1186 quemfi
833 1087 975 1186 sedilenr
992 1085 1098 1176 velis,
1113 1085 1187 1182 posi
1202 1086 1288 1157 duos
1300 1084 1446 1174 menses.

483 1219 583 1299 quam
604 1197 691 1270 satus
706 1197 771 1287 est,
786 1198 914 1291 poteris
934 1196 1087 1269 desecare
1103 1213 1293 1269 manentem
1315 1195 1350 1266 in
1363 1196 1447 1267 areis

483 1308 569 1383 suis:
592 1307 748 1406 quamvis
774 1305 889 1378 afferat
913 1281 1131 1408 Coiurneba‘‚
1157 1306 1256 1378 etiam
1286 1305 1446 1379 festivum

485 1415 610 1489 diutius
627 1413 851 1502 duraturum,
873 1414 1139 1511 melioremque,
1158 1415 1183 1486 sr
1205 1415 1448 1501 transferatur,

484 1530 523 1601 &
544 1524 680 1623 quoties
700 1523 1163 1623 secabitur‚·aqua'iuven1r
1187 1531 1221 1600 &
1244 1528 1400 1599 stercore.
1423 1524 1449 1595 st

489 1635 670 1729 capitatum
687 1632 797 1706 facere
813 1632 919 1723 velis,
931 1637 1026 1731 quod
1042 1641 1121 1711 vere'
1141 1634 1263 1708 severis
1277 1688 1286 1714 ,
1301 1631 1451 1718 Odobri

486 1741 600 1814 mense
613 1740 790 1815 transferre
808 1742 955 1816 debebis.
974 1742 1129 1815 serendus
1142 1742 1188 1816 est
1201 1737 1282 1815 soc'o
1298 1744 1396 1828 laeto,
1410 1743 1450 1813 &

487 1849 635 1921 maxime
661 1847 858 1942 campestri,
879 1875 954 1924 area
980 1850 1098 1948 plana,
1122 1849 1385 1945 pastinataalte,
1411 1850 1451 1920 &

490 1960 547 2033 diu
565 1960 695 2032 subadta
707 1961 745 2032 ὃ(
759 1951 949 2035 stercorata.
971 1962 994 2032 sr
1007 1960 1168 2050 festivum
1181 1953 1287 2056 telis.
1301 1956 1450 2052 spiffius:

489 2070 514 2140 fi
542 2069 747 2163 capitatum,
769 2068 875 2139 rarius
903 2068 999 2143 seres.
1033 2069 1166 2160 sarculo
1192 2066 1452 2165 frequentandus

489 2179 556 2264 est,
572 2181 609 2251 &
631 2176 741 2249 herbis
755 2176 967 2251 'liberandus
988 2179 1076 2249 Cum
1092 2179 1188 2274 digiti
1206 2176 1453 2252 crassrtudirtem

489 2287 644 2359 habuerit
656 2311 696 2372 ,a
711 2286 819 2358 media
834 2306 926 2381 parte
940 2287 1085 2383 praecisrs
1106 2288 1221 2376 foliis,
1237 2286 1455 2362 &truncatis

490 2396 675 2481 radicibus,
691 2393 933 2482 transferatur:
950 2389 1076 2468 oblitus
1091 2396 1179 2470 simo
1197 2388 1350 2496 liquido,
1371 2421 1455 2493 qua·

492 2504 598 2576 ternis
611 2503 667 2577 vel
677 2502 788 2598 quinis
802 2502 915 2600 digitis
930 2503 1110 2598 separetur.
1132 2529 1212 2579 cunr
1226 2507 1354 2580 radices
1368 2506 1457 2602 agit,

494 2614 631 2685 modice
645 2612 1030 2708 comprehendendus&
1042 2612 1295 2689 allevandusest
1311 2614 1456 2705 sarculo,

492 2742 533 2798 ut
556 2711 729 2820 suspensus
753 2749 772 2795 a
794 2742 906 2813 terra,
935 2727 1030 2824 quod
1056 2726 1148 2821 spatii
1176 2753 1319 2810 vacuum
1345 2727 1464 2799 subter·

492 2833 687 2932 inuenerit,
713 2834 833 2930 capitis
857 2836 1009 2909 vastitate
1036 2858 1179 2936 cogatur
1200 2833 1350 2933 irirplere.
1374 2840 1457 2907 Item

492 2943 590 3040 plura
613 2943 739 3014 semina
756 2944 791 3012 in
812 2968 915 3013 unum
937 2945 1033 3037 ligata
1049 2946 1072 3015 sr
1094 2943 1309 3040 deposueris,
1325 2944 1459 3043 grandis

494 3069 621 3149 portus
634 3053 784 3123 nascetur
795 3075 839 3122 ex
852 3050 1021 3124 omnibus.
1039 3054 1117 3124 item
1132 3054 1155 3122 fi
1171 3055 1272 3148 capiti
1284 3055 1356 3143 eius
1370 3082 1461 3149 rapae

495 3162 607 3238 semen
623 3153 783 3230 immittis
796 3156 865 3227 srne
882 3155 995 3241 ferm,
1019 3160 1055 3230 δι
1070 3184 1213 3253 pangas,
1232 3161 1375 3230 multum
1391 3161 1461 3231 fer·'
1559 3196 1561 3202 ⁸

495 3285 551 3341 tur
563 3263 746 3338 increscere
759 3265 913 3354 amelius,
926 3265 950 3337 sr
964 3251 1156 3369 frequenter
1171 3267 1240 3339 hoc
1255 3265 1366 3341 facias.
1381 3270 1460 3341 Hoc

495 3373 609 3446 mense
626 3370 719 3442 inula
733 3368 870 3458 seritur,
882 3393 953 3467 quo
977 3389 1117 3443 canneta
1131 3392 1318 3466 ponuntur.
1340 3373 1459 3450 seritur

497 3480 623 3568 oculis,
638 3478 723 3551 ficut
737 3477 869 3564 calami,
880 3503 969 3575 quos
982 3447 1172 3552 abscindere
1184 3483 1223 3553 δι
1236 3498 1324 3553 terra
1338 3482 1462 3555 leviter

496 3587 655 3660 debemus
667 3587 829 3677 obruere,
842 3610 930 3659 terra
944 3585 1026 3679 fossa
1041 3591 1078 3661 δι
1091 3589 1240 3676 sabasta,
1253 3591 1406 3665 excitatis
1420 3592 1463 3664 ad

497 3697 622 3769 lineam
646 3697 811 3791 pulvinis,
830 3698 954 3793 quibus
976 3698 1047 3793 ejus
1071 3702 1192 3772 oculos
1210 3721 1349 3796 oportet
1367 3702 1462 3775 inso-

497 3808 589 3881 dere.
616 3806 718 3879 trium
737 3808 859 3901 pedum
880 3806 969 3879 inter
991 3807 1023 3880 se
1038 3805 1146 3902 spatio
1159 3808 1362 3905 separantur.
1383 3810 1462 3881 Hoc

409 4009 415 4018 „
465 3997 469 4005 ¹
497 3914 800 3990 mensecolocasiae
818 3915 940 3989 bulbos
958 3939 1135 4017 ponemus.
1156 3936 1269 3991 amant
1288 3916 1462 3989 humidum

497 4025 635 4117 locum,
659 4025 842 4125 pinguem,
866 4026 1013 4099 maxime
1036 4025 1211 4124 irriguum.
1244 4026 1330 4099 circa
1350 4024 1464 4098 fontes

408 4181 412 4190 -
498 4133 710 4214 laetantur&
731 4134 848 4232 rivos.
867 4161 930 4210 nec
952 4136 993 4207 de
1015 4135 1078 4208 soli
1099 4136 1258 4234 qualitate
1279 4153 1418 4223 curant,
1438 4135 1464 4205 sr

499 4265 665 4338 perpetuo
685 4245 869 4319 foveantur
891 4245 1050 4317 humore.
1062 4241 1234 4344 stondere
1251 4241 1463 4338 prope'sem·

497 4375 557 4446 per
577 4353 734 4448 possunt,
754 4354 780 4427 si
802 4371 962 4460 tanquam
984 4352 1101 4429 citreta
1122 4351 1326 4451 tegumentis·
1343 4350 1458 4424 desen·
