3875 5759
575 939 580 947 -
668 898 800 971 nnus
825 894 1043 978 verram.
1068 896 1168 1012 uve
1193 898 1382 975 muron.
1440 904 1509 1000 367

548 1060 652 1159 aequis
677 1060 885 1158 ponderibus
901 1061 935 1133 in
957 1062 1085 1135 cacabo
1100 1087 1201 1163 novo
1218 1087 1295 1138 cum
1309 1088 1396 1162 aqua
1407 1055 1511 1140 deco·

547 1176 651 1267 ques,
667 1174 703 1244 δι
722 1171 815 1269 dabis
829 1171 864 1248 in
879 1191 977 1267 potu.
1238 1183 1240 1187 ’

594 1283 690 1355 XIV.
710 1282 743 1353 si
755 1279 885 1377 sanguis
897 1280 1067 1353 interdum
1085 1281 1185 1355 nimis
1202 1307 1261 1379 per
1275 1308 1395 1358 venam
1407 1340 1419 1375 ,
1432 1310 1511 1360 cunt

547 1389 695 1485 percussa
716 1388 835 1479 suerit,
849 1408 888 1461 ut
903 1388 1012 1461 claudi
1032 1414 1103 1464 non
1126 1390 1250 1486 posit,
1267 1412 1443 1489 erumpat,
1458 1418 1512 1467 re·

546 1500 694 1594 medium
720 1500 793 1590 est,
820 1501 941 1575 stercus
971 1500 1072 1597 ipfius
1100 1500 1251 1575 animalis
1285 1502 1511 1601 superponere

546 1609 728 1683 fluentibus
751 1610 875 1685 venis:
896 1630 954 1685 aut
971 1610 994 1684 fi
1015 1611 1302 1709 perseveraverit,
1314 1639 1411 1688 urere
1431 1597 1524 1688 cau-¹

546 1717 636 1797 tetio
658 1719 839 1824 subtiliter,
859 1744 901 1793 ne
923 1720 1019 1793 nervi
1040 1719 1213 1792 laedantur.
1227 1718 1387 1793 Floccum
1408 1722 1510 1797 etiam

547 1831 756 1925 competenti
780 1832 861 1904 oleo
890 1832 1032 1903 tindutn
1063 1851 1162 1898 venae
1186 1828 1384 1904 admoveto.
1408 1831 1510 1907 etiarn

545 1927 644 2011 assem
664 1941 812 2040 ligneum
828 1942 864 2013 in
880 1964 989 2027 vena,
1004 1962 1070 2034 qua
1085 1934 1214 2035 sanguis
1229 1936 1393 2034 profluit,
1408 1942 1511 2036 ponis

544 2049 583 2121 δε
603 2047 705 2144 ligas,
721 2052 864 2144 praesens
878 2046 925 2119 est
939 2044 1139 2119 remedium.
1296 2132 1298 2136 ¹

600 2158 681 2229 XV.
709 2156 839 2230 Veticae
862 2154 1051 2254 indignatio
1073 2170 1252 2253 generatur
1276 2178 1320 2227 ex
1351 2153 1507 2252 plurimis

546 2264 680 2335 caufiS:
708 2282 951 2361 quopropter
978 2262 1086 2337 urinae
1116 2261 1346 2365 difficulratem
1373 2262 1511 2341 celerri-

546 2396 662 2456 mum,
680 2371 786 2445 immo
809 2373 950 2469 praesens
969 2371 1145 2448 discrimen
1166 2372 1337 2469 importat.
1366 2375 1422 2451 De
1443 2400 1511 2473 qua

462 2509 465 2514 ’
546 2479 741 2555 valetudine
756 2482 932 2582 diligenter
955 2484 1086 2557 tradari
1108 2480 1294 2571 convenit,
1309 2501 1346 2554 ut
1365 2482 1509 2578 paffioni

546 2611 744 2698 competens
763 2593 891 2665 medela
915 2592 1107 2674 succurrat;
1134 2613 1211 2683 quae
1239 2588 1292 2659 his
1314 2589 1510 2685 ,agnoscitur
1600 2589 1603 2594 ’

545 2696 667 2794 signis:
686 2698 842 2794 Mingere
866 2723 938 2797 non
960 2696 1109 2793 poterit,
1126 2694 1242 2766 omnia
1256 2720 1352 2767 crura
1374 2696 1510 2771 fleden-

527 2825 602 2894 ¹tur
614 2862 627 2895 ,
651 2808 831 2878 dimittitur
849 2824 971 2877 venter
995 2806 1037 2875 ad
1066 2822 1199 2876 terram.
1216 2804 1259 2874 Et
1280 2804 1304 2874 st
1330 2804 1510 2880 difficulter

546 2915 685 3013 mingit,
705 2914 840 3013 dysuria
861 2913 1058 3010 appellatur.
1073 2912 1137 2985 Sed
1158 2912 1296 3008 quando
1316 2930 1425 3009 guttas
1449 2936 1509 3009 pet

546 3042 720 3095 veretrum
747 3016 852 3095 mittit
879 3047 958 3095 cum
985 3020 1128 3111 labore,
1154 3020 1335 3119 stranguria
1362 3021 1508 3097 dicitur:

546 3131 678 3229 cumin
698 3141 809 3208 totum
826 3158 897 3206 non
915 3131 1025 3229 potest
1043 3130 1212 3229 mingere,
1231 3130 1377 3204 ischuria
1390 3131 1510 3229 appel·

545 3239 634 3313 latur
643 3292 655 3329 ,
670 3242 708 3317 dt
722 3242 856 3318 vicinus
868 3242 916 3315 est
932 3240 1047 3316 morti.
1062 3241 1206 3336 Propter
1222 3240 1318 3336 quod
1339 3242 1509 3315 extenso·

545 3374 606 3421 nes
625 3352 662 3426 δι
678 3350 851 3426 tubercula
866 3350 1044 3424 nascuntur
1066 3350 1103 3421 in
1124 3336 1251 3434 dorso,
1278 3352 1316 3422 &
1342 3348 1510 3444 praefoca-

545 3461 597 3533 tio
620 3461 708 3535 circa
721 3462 836 3535 fauces
849 3486 896 3531 ex
916 3459 1037 3532 dolore
1058 3459 1196 3544 ventris.
1208 3457 1275 3531 Cui
1295 3460 1356 3533 hac
1373 3460 1508 3533 ratione

547 3565 728 3641 succurris:
743 3571 784 3641 de
812 3568 948 3663 pedore
960 3590 1064 3637 venas
1085 3566 1225 3665 pungis,
1240 3569 1279 3641 &
1293 3566 1508 3666 sanguinem,

546 3692 710 3769 quantum
729 3674 923 3764 videbitur,
939 3672 1103 3764 detrahis,
1119 3676 1157 3746 δι
1171 3673 1217 3748 fic
1237 3677 1401 3771 accipitur
1414 3677 1509 3748 laxa·

545 3805 709 3888 mentum.
738 3789 899 3859 Praet'erea
921 3810 1057 3858 manum
1087 3784 1232 3880 tepidam
1258 3810 1335 3859 cum
1361 3787 1442 3857 oleo
1470 3786 1508 3857 in

546 3921 649 3969 anum
671 3895 800 3985 mittis,
823 3898 861 3969 δι
880 3897 903 3966 st
925 3920 993 3992 qua
1017 3893 1162 3966 stercora
1192 3892 1364 3966 inveneris
1391 3892 1509 3981 intus,

547 4006 626 4101 quia
640 4006 918 4102 impedimentum
940 4003 1094 4102 praestant
1105 4058 1116 4091 ,
1135 4002 1282 4075 attrahis.
1302 4002 1404 4090 Posi,
1431 4025 1508 4072 curn

546 4114 633 4186 libra
654 4114 744 4207 olei,
758 4116 830 4189 salis
851 4116 921 4187 triti
936 4117 1072 4211 plenum
1095 4112 1303 4185 acetabulum
1319 4108 1453 4195 misces,
1468 4109 1509 4180 ὃ(
1588 4205 1590 4209 ¹

549 4222 740 4297 calefactum
761 4226 890 4322 injicies
908 4225 1084 4310 inanum,
1109 4223 1260 4314 jumento
1277 4222 1310 4290 in
1332 4218 1416 4289 locis
1429 4240 1509 4310 pro·

548 4333 604 4410 >uis
624 4333 756 4432 posrto,
768 4354 805 4409 ut
826 4334 957 4410 facilius
979 4336 1022 4409 ad
1040 4334 1202 4424 interiora
1221 4329 1418 4421 descendat,
1433 4324 1509 4409 duh
