3875 5759
402 819 429 862 Ἀ

419 2279 422 2284 ·
448 2240 552 2320 rudus

655 853 882 997 uru'vt
930 879 1192 958 untuss
1341 903 1405 979 143

454 1041 559 1133 cttlae,
591 1069 674 1142 quas
702 1042 806 1142 aliqui
837 1067 928 1142 reges
955 1060 1103 1139 putant;
1130 1042 1187 1116 sed
1211 1041 1326 1116 Graeci
1354 1067 1415 1116 eos

453 1161 581 1248 οἴστρους
597 1141 789 1249 appellant,
810 1156 855 1227 &·
869 1154 983 1235 necari
1002 1151 1139 1245 jubent,
1161 1152 1241 1250 quia
1264 1152 1416 1250 requiem

452 1264 658 1335 concutiunt
678 1261 877 1359 quiescentis
898 1262 1074 1335 examinis.
1100 1262 1202 1335 Nunc
1226 1261 1417 1358 papiliones

453 1364 645 1459 abundant,
659 1395 746 1468 quos
764 1395 943 1461 necemus,
959 1368 1056 1444 more
1067 1424 1078 1459 ,
1091 1395 1162 1467 quo
1176 1371 1258 1445 dixi.
1311 1394 1315 1401 ·

502 1478 562 1553 Xl.
592 1483 693 1554 Nunc
707 1481 795 1556 circa
809 1501 995 1555 extremum
1010 1481 1155 1556 mensem
1170 1482 1364 1579 pavimenta
1379 1482 1417 1559 in
1441 1505 1444 1512 '
1468 1535 1472 1540 -

451 1582 581 1661 solariis
602 1588 710 1666 fiunt:
736 1617 811 1689 quae
832 1593 869 1665 in
892 1592 1021 1691 frigidis
1044 1592 1264 1689 regionibus,
1289 1595 1326 1666 δι
1353 1593 1415 1674 ubi

450 1693 581 1788 pruinae
601 1698 696 1789 sunt,
711 1700 816 1799 glacie
831 1702 1125 1798 suspenduntur&
1143 1719 1295 1795 pereunt.
1308 1702 1373 1780 Sed
1388 1699 1418 1774 si

451 1800 722 1900 boc-placuerit,
745 1811 926 1884 sternemus
947 1811 1098 1903 duplices
1121 1809 1257 1880 ordines
1282 1809 1415 1881 tabula·

390 1908 394 1915 ’
451 1917 750 1992 rum-transversos
771 1942 872 2015 atque
891 1918 1057 2001 direslos,
1073 1917 1111 1988 δι
1129 1914 1256 2009 paleam
1277 1917 1331 1989 vel
1350 1915 1415 1995 sili,-

451 2045 524 2095 cem
551 2024 651 2120 supra
676 2026 918 2101 constituemus
947 2025 985 2100 δι
1012 2023 1183 2130 aequaliter
1209 2023 1416 2121 aequabimus

449 2129 554 2221 saxo,
568 2135 664 2312 puod
678 2159 814 2206 manum
828 2134 928 2230 poffit
942 2133 1093 2230 implere.
1113 2132 1303 2207 Pedaneum
1317 2135 1416 2233 super

592 2242 787 2332 nducimus,
800 2245 838 2318 δι
852 2243 979 2317 affiduo
1000 2244 1094 2332 vesle
1112 2243 1309 2320 densamus:
1328 2264 1413 2321 tunc

449 2366 629 2449 antequam
650 2354 753 2427 rudus
771 2356 929 2445 ficcetur,
949 2354 1107 2452 bipedas‚
1121 2373 1197 2452 quae
1218 2379 1278 2451 per
1297 2358 1414 2431 omnia

449 2457 552 2534 latera
570 2466 774 2542 canaliculos
795 2462 941 2544 habeant
963 2467 1134 2564 digitales,
1153 2466 1349 2564 iungemus,
1368 2470 1415 2541 ita

448 2585 487 2639 ut
510 2571 601 2645 calce
615 2575 699 2649 uiva
722 2602 762 2649 ex
778 2580 860 2653 oleo
882 2596 1083 2669 temperata,
1097 2574 1293 2667 bipedarum
1313 2600 1415 2648 cana·

449 2675 521 2769 les,
533 2684 592 2778 qui
608 2684 698 2758 inter
719 2687 750 2757 se
774 2684 998 2760 conneslendi
1022 2684 1120 2766 sunt,
1138 2682 1361 2773 impleantur,
1374 2687 1416 2757 &

449 2812 564 2860 earum
583 2793 827 2884 conjunelione
847 2792 949 2862 rudus
970 2812 1073 2860 omne
1087 2788 1314 2883 cooperiatur.
1337 2817 1414 2864 nam

448 2897 570 2968 siccata
601 2899 713 2971 omnis
745 2899 881 2972 materia
909 2921 1017 2968 unum
1045 2920 1172 2991 corpus
1197 2896 1344 2985 efficiet,
1375 2900 1414 2972 δι

449 3006 581 3080 nullum
595 3007 794 3081 transmittet
812 3008 999 3080 humorem.
1022 3005 1141 3078 Postea
1157 3004 1412 3116 sen-digitorum

449 3114 629 3191 testaceum
643 3116 919 3214 superfundemus
929 3170 941 3206 ,
953 3119 993 3191 &
1009 3117 1202 3213 frequenter
1217 3113 1320 3220 virgis
1334 3142 1413 3191 ver·

447 3226 659 3319 berabimus‚
682 3254 724 3301 ne
755 3229 856 3302 rimis¹
871 3228 969 3327 poffit
1003 3228 1136 3325 aperiri.
1162 3247 1244 3300 tunc
1270 3227 1412 3302 tessellas

447 3334 608 3431 latiores,
622 3340 677 3412 vel
690 3339 828 3411 tabellas
849 3339 1098 3436 qualescunque
1116 3360 1340 3425 marmoream,
1353 3331 1411 3410 aut

447 3444 585 3539 paginas
606 3446 856 3547 imprimemus„
877 3448 914 3519 δι
934 3448 1023 3520 hanc
1047 3443 1336 3519 conslrusliortem
1357 3468 1410 3517 res

447 3556 543 3626 nulla
567 3556 713 3630 vitiabit.
876 3629 879 3634 ,
1333 3641 1337 3647 ,

506 3669 582 3741 Xll.
604 3670 682 3743 Hoc
703 3669 815 3743 mense
839 3668 958 3742 lateres
980 3665 1127 3741 faciendi
1155 3667 1230 3740 sunt
1253 3692 1297 3739 ex
1322 3686 1410 3743 terra

447 3776 522 3849 alba
542 3778 600 3852 vel
620 3798 731 3869 creta,
754 3780 810 3854 vel
827 3777 967 3851 rubrica.
989 3801 1065 3848 nam
1089 3776 1146 3873 qui
1165 3773 1273 3848 estate
1297 3773 1409 3863 siunt,

448 3886 616 3960 celeritate
630 3886 777 3960 fervoris
786 3887 823 3958 in
840 3885 966 3964 summa
982 3899 1059 3953 cute
1071 3881 1256 3968 ficcantur,
1271 3880 1410 3951 interius

449 3994 591 4068 humore
617 3996 777 4067 servator
796 4018 872 4090 quae
891 4016 944 4064 res
967 3986 1107 4062 sciffuris
1122 4013 1182 4061 eos
1207 3987 1306 4092 saciet
1329 4012 1409 4081 ape·
1511 4031 1514 4038 -

449 4101 519 4171 riti.
548 4104 647 4176 Fiunt
679 4122 791 4176 autem
820 4102 876 4174 stc.
908 4120 995 4171 terra
1028 4117 1118 4172 creta
1143 4097 1408 4204 diligenter‚·&

448 4215 545 4285 omni
566 4213 738 4307 asperitate
753 4232 910 4311 purgata,
930 4210 1035 4282 mixta
1053 4233 1131 4281 cunr
1147 4205 1247 4303 paleis
1262 4203 1320 4274 diu
1335 4228 1409 4276 ma·

448 4324 639 4416 serabitur,
664 4328 702 4400 de
727 4323 816 4397 intra
842 4322 988 4398 sormam
1013 4319 1109 4395 lateri
1132 4314 1271 4391 similem
1296 4313 1409 4410 depri-
