3875 5759
550 923 623 1008 με
719 904 1050 981 vecrrtr
1097 853 1340 979 rrum·

484 1145 491 1154 ,
552 1072 685 1165 Aquam
706 1066 840 1165 quidem
866 1063 958 1150 istius
977 1062 1119 1163 generis‘
1130 1062 1254 1136 animal
1272 1085 1344 1134 non
1369 1058 1533 1156 requirit⁴

553 1177 800 1265 nitidissimam,
815 1199 878 1249 nec
898 1175 1003 1271 usque
1028 1174 1113 1274 adeo
1134 1172 1319 1262 laeserit‚s1
1342 1171 1512 1245 sordidam

553 1286 686 1363 biberit.
704 1283 767 1357 Sed
780 1302 889 1356 tamen
912 1282 1053 1356 bubulci
1078 1281 1268 1379 diligentius
1283 1279 1329 1353 est
1350 1294 1513 1377 procura-¹
1542 1347 1552 1370 ,

554 1420 614 1484 re,
627 1414 665 1466 ut
677 1391 834 1485 mundam
854 1392 983 1486 semper
1000 1394 1037 1465 δι
1051 1392 1212 1489 optimam
1227 1391 1351 1465 bibant.
1364 1378 1511 1463 Maxime

553 1523 665 1580 autem
687 1504 884 1577 studendum
899 1503 966 1595 est,
981 1521 1018 1575 ut
1034 1504 1305 1600 competentibus
1319 1502 1514 1576 redundan-

553 1610 708 1709 tibusque
723 1613 832 1685 saturi
838 1611 965 1707 semper
977 1612 1160 1685 habeantur
1172 1614 1211 1685 δι
1224 1606 1514 1709 pingues‘Omnis

381 1748 386 1762 ·
530 1722 646 1794 'enim
665 1722 827 1820 agritudo
844 1721 1021 1795 exordium
1047 1721 1210 1816 sumitlex
1233 1722 1350 1796 macie.
1372 1719 1515 1793 Exhau-

555 1829 641 1904 stum
666 1829 790 1903 animal
812 1829 953 1903 celerius
970 1830 1079 1924 labor,
1091 1827 1236 1927 frangit,
1259 1829 1357 1903 aestus
1381 1842 1516 1913 vexat,

557 1938 663 2040 frigus
684 1959 847 2038 penetrat.
864 1942 946 2014 Non
961 1939 1070 2013 solum
1087 1940 1176 2013 enim
1203 1938 1324 2014 aesiivis
1343 1935 1516 2025 mensibu-s

554 2052 716 2149 pascuum
743 2051 865 2126 sufficit
876 2107 889 2142 ,
907 2050 965 2126 ubi
996 2050 1135 2131 frondes
1161 2049 1283 2124 diversi
1302 2045 1432 2150 generis
1456 2044 1517 2118 ads

558 2159 703 2249 dantur,
724 2163 762 2234 δι
790 2160 919 2236 minuat
941 2160 1086 2235 varietas
1107 2160 1174 2259 ipsa
1195 2157 1371 2234 fastidium.
1396 2153 1518 2226 Hieme

559 2291 633 2341 non
652 2284 782 2340 rantum
806 2267 926 2363 paleis,
944 2267 1000 2341 sed
1018 2267 1117 2364 foeno
1137 2262 1282 2366 ⁸qtroque
1303 2269 1341 2339 δι
1360 2261 1518 2348 hordeo,

560 2375 732 2472 &saepius
750 2400 836 2453 ervo
857 2375 1027 2475 saginandi
1041 2373 1116 2453 sunt
1129 2376 1247 2449 boves.
1268 2371 1390 2445 Nullus
1406 2386 1517 2441 autem

466 2573 468 2582 y
561 2480 735 2555 uberiores
752 2482 907 2557 ciborum
919 2480 1110 2578 repudiabit
1127 2480 1309 2579 expensas,
1324 2479 1384 2575 qui
1405 2475 1519 2550 confi·

560 2592 678 2665 derare
701 2591 877 2682 voluerit,
904 2593 1010 2666 boum
1037 2616 1097 2689 per
1125 2590 1275 2688 inopiam
1305 2586 1519 2684 pereuntium

561 2725 663 2798 quam
689 2701 821 2776 cariora
847 2701 923 2774 sunt
950 2700 1066 2799 pretia.
1079 2697 1271 2776 ,Adversum
1299 2697 1405 2770 boum
1425 2710 1519 2770 mor⁸¹
1557 2687 1563 2694 ’

562 2807 628 2881 bos
656 2834 728 2883 non
758 2810 873 2884 minor
900 2808 1101 2884 adhibenda-
1114 2806 1161 2882 esi
1193 2805 1391 2904 diligentia,
1417 2826 1519 2902 quam

563 2941 743 3016 equorum.

613 3030 652 3101 11.
671 3032 757 3101 Nam
779 3029 939 3127 equinum
962 3054 1067 3128 genus
1086 3028 1244 3117 morbus,
1259 3026 1317 3124 qui
1335 3025 1522 3121 appellatur

564 3134 728 3221 malleus,
753 3135 889 3208 diverso
916 3161 1037 3233 genere
1061 3137 1246 3232 paffionum
1271 3137 1438 3234 emigrans'
1461 3157 1521 3229 per

564 3241 680 3341 plures
706 3244 912 3342 contagione
933 3244 1126 3334 consumit,
1142 3246 1249 3319 boves
1270 3267 1403 3343 quoque
1427 3241 1518 3314 idem

444 3451 447 3460 Ι
566 3352 707 3427 morbus
734 3351 917 3442 interficit,
935 3346 996 3424 'sed
1020 3378 1039 3424 a
1061 3350 1198 3425 diverfis
1226 3352 1361 3427 diverso
1378 3349 1518 3433 nomine

568 3477 743 3550 vocatur,
769 3484 870 3557 quem
889 3458 1097 3558 plerumque
1125 3458 1245 3559 vulgus
1270 3456 1424 3555 appellat.
1453 3455 1520 3529 Hic

568 3568 709 3642 morbus
735 3569 860 3641 bovem
883 3568 906 3642 fi
930 3570 1075 3666 quando¹
1094 3566 1299 3659 tentaverit,
1322 3566 1389 3639 istis
1414 3589 1524 3664 agno·

441 3771 443 3780 Ι
570 3676 672 3749 scitur
690 3676 806 3775 signis:
826 3678 889 3752 erit
907 3677 980 3775 pilo
1005 3676 1180 3766 horridus,
1194 3679 1232 3748 &
1254 3674 1378 3765 tristis,
1392 3675 1523 3771 stupen·

570 3788 662 3861 tibus
691 3787 827 3880 oculis,
852 3788 989 3862 cervice
1015 3785 1161 3882 dejesta,
1180 3784 1293 3858 salivis
1319 3786 1442 3859 affidue
1465 3810 1522 3882 per

571 3919 613 3969 os
633 3895 830 3985 fluentibus,
844 3895 986 3969 incessus
1002 3894 1157 3991 pigrior,
1178 3891 1269 3989 spina
1292 3894 1454 3990 rigidior,
1473 3892 1523 3965 sa·

571 4004 941 4108 siidium'maximum,
955 4028 1060 4101 pauca
1084 4001 1277 4075 ruminatio.
1298 4002 1362 4075 Cui
1389 4002 1414 4073 sr
1437 4003 1526 4076 inter

571 4112 667 4187 initia
694 4087 872 4186 stiuvenire
896 4111 1105 4199 tentaveris,
1124 4105 1298 4185 discrimen
1331 4111 1478 4187 evadet:
1502 4110 1527 4183 si

570 4248 632 4320 per
653 4223 1097 4321 negligentiam'adhibeatur
1109 4221 1235 4294 tardior
1247 4223 1528 4314 cura,vetustio·

572 4330 618 4435 ris
637 4333 749 4428 morbi
772 4354 844 4414 non
867 4328 977 4431 potest
992 4328 1136 4431 superari
1162 4329 1325 4426 pernicies
1351 4332 1544 4410 roboratae
1604 4359 1609 4370 “
