3875 5759
487 895 492 908 '
574 889 670 1008 300'
754 905 1360 981 restructam.

491 1087 503 1108 ⁰
570 1061 637 1149 rit,
654 1075 755 1157 caput
768 1061 806 1132 δι
821 1077 975 1152 tempora
996 1056 1056 1129 sub
1073 1056 1146 1152 ipso
1169 1054 1391 1153 protocomio
1405 1050 1533 1127 semisse

570 1166 678 1277 inurip
699 1163 865 1250 cauterio,
876 1164 972 1259 quod
984 1168 1022 1239 δι
1040 1164 1138 1262 super
1152 1157 1253 1238 venas
1268 1162 1467 1260 temporales
1482 1160 1533 1234 fa·

406 1346 410 1355 .
511 1327 513 1332 -
570 1274 650 1351 cies.
672 1270 825 1367 Plerique
843 1270 1095 1361 tamen‚sacies
1118 1296 1161 1341 ne
1184 1270 1377 1344 deforment
1401 1269 1532 1366 jumen-

377 1427 381 1438 =
482 1476 487 1482 ¹
570 1405 666 1475 tum,
682 1383 756 1454 solo
774 1380 927 1454 tabulate
948 1382 1049 1479 palati
1072 1381 1255 1470 consede,
1277 1382 1347 1455 sani
1360 1381 1432 1455 sieri
1448 1381 1532 1479 pos-

571 1493 653 1566 sent.
670 1494 801 1562 Fervor
819 1488 910 1562 enim
929 1488 1001 1563 foci
1014 1487 1218 1563 debilitatem
1233 1491 1352 1588 capitis
1364 1490 1474 1579 tollit,
1493 1490 1533 1563 δι

571 1599 797 1674 membranam
819 1596 926 1671 menti
940 1598 1106 1693 pristina,
1120 1599 1319 1697 sanitatique
1330 1598 1483 1673 restituit.
1587 1591 1590 1598 ’

620 1711 696 1781 Xll.
714 1706 782 1781 Alii
799 1708 951 1780 audords
966 1708 1159 1782 insanientis
1173 1706 1315 1801 jumenti
1327 1710 1481 1781 ardentes
1494 1710 1534 1781 dc

569 1820 772 1917 sanguineos
789 1818 911 1893 oculos
925 1822 963 1893 δι
981 1819 1124 1893 humore
1141 1817 1301 1906 suffusos,
1321 1819 1442 1890 slantes
1466 1843 1533 1889 au·

569 1928 693 2005 ticulas
709 1929 829 2002 dicunt
848 1927 905 2002 vel
919 1926 1101 2017 micantes,
1115 1948 1152 1998 ut
1172 1927 1214 1998 ad
1225 1926 1323 1998 inslar
1339 1926 1536 1997 indomito-

568 2064 646 2114 rum
665 2062 729 2111 nec
746 2037 821 2133 capi
843 2036 963 2133 poffit,
976 2040 1014 2111 δι
1033 2054 1192 2131 captum,
1209 2034 1391 2129 parietibus
1412 2033 1444 2105 se
1463 2032 1536 2103 illi·

568 2150 651 2220 dens
675 2166 819 2219 conetur
850 2143 1009 2242 effugere.
1030 2163 1153 2230 terram
1179 2143 1319 2239 pedibus
1342 2142 1472 2231 fodiet,
1495 2144 1538 2217 δε

569 2254 712 2329 multum
734 2253 897 2350 flegmatis
913 2278 955 2325 ex
975 2277 1036 2325 ore
1058 2252 1255 2350 profundet.
1274 2252 1369 2350 quod
1394 2253 1456 2325 hac
1483 2277 1534 2323 ra·

484 2409 486 2414 ·
568 2364 665 2438 tione
684 2381 839 2449 curatur,
857 2380 895 2435 ut
909 2360 1080 2457 auferatur
1097 2362 1129 2436 ei
1147 2362 1277 2459 sanguis
1301 2363 1342 2434 de
1365 2360 1534 2459 angulari·

569 2474 633 2548 bus
655 2473 776 2563 venis,
790 2476 832 2546 de
851 2472 964 2568 palato
978 2526 990 2561 ,
1003 2474 1042 2547 δι
1065 2472 1141 2570 posl
1162 2473 1203 2545 de
1228 2471 1393 2546 cruribus.
1415 2498 1433 2545 a
1451 2473 1534 2547 cibo

568 2584 685 2657 eadem
700 2581 754 2655 die
763 2582 965 2655 abstineatur
978 2586 1016 2657 δι
1027 2603 1121 2680 potu.
1135 2583 1210 2656 Alia
1220 2601 1332 2657 autem
1343 2583 1396 2655 die
1411 2608 1532 2680 aquam

569 2692 728 2793 frigidam
746 2693 839 2766 dabis
853 2693 884 2766 ei
903 2692 1029 2770 bibere.
1045 2693 1250 2768 Auferantur
1270 2693 1438 2781 stercora,
1455 2719 1532 2791 quae

568 2803 605 2877 in
626 2828 694 2877 ano
716 2800 788 2898 ejus
809 2800 903 2893 sunt,
922 2827 982 2900 per
1001 2802 1216 2901 quatriduum
1238 2794 1440 2877 continuato
1456 2801 1533 2903 cly‘.

568 2913 653 2986 flere
667 2966 678 3000 ,
690 2911 862 3010 curabitur
880 2933 1021 3000 venter,
1036 2932 1181 3010 ungetur
1193 2913 1384 2999 cerebrum,
1400 2909 1532 2986 secroto

568 3024 796 3098 collocabitur
816 3024 919 3112 loco,
936 3025 1081 3120 accipiet
1101 3026 1137 3098 in
1157 3026 1370 3108 substantiam
1384 3044 1532 3123 porros,¹

567 3135 608 3205 &
631 3132 769 3202 herbam
794 3132 1107 3221 molliffimam,aut
1133 3136 1360 3216 mollissimum
1379 3137 1531 3236 soenum.

568 3240 630 3313 His
651 3238 852 3336 potionibus
866 3234 1132 3337 percurandum:
1147 3246 1299 3318 Pulveris
1313 3247 1395 3322 turis
1409 3250 1531 3322 drach·

560 3374 651 3424 mam
677 3375 713 3439 r,
730 3349 816 3422 aceti
836 3350 902 3422 albi
917 3350 1094 3425 sextarium
1121 3380 1152 3442 1,
1167 3344 1288 3427 radicis
1307 3357 1444 3451 panacis
1466 3374 1531 3431 uni

474 3511 476 3516 -
550 3458 648 3567 ¹ciam
673 3484 704 3546 r,
728 3457 840 3529 herbae
864 3457 1034 3557 saxifragae
1056 3460 1171 3535 uncias
1194 3489 1235 3559 3,
1252 3486 1294 3534 ex
1317 3488 1403 3561 aqua
1423 3464 1529 3539 mulsa

410 3591 422 3610 ··
530 3571 532 3573 ’
564 3592 626 3665 per
648 3592 688 3641 os
700 3566 804 3639 dabis,
826 3566 932 3641 lassis
945 3567 1075 3663 caprini
1090 3569 1269 3643 sextarium
1284 3595 1390 3644 unum
1404 3569 1530 3643 defun-

566 3676 618 3748 dis
638 3675 674 3747 in
695 3673 818 3748 fauces.
841 3675 936 3774 quod
952 3674 976 3747 fi
995 3675 1161 3766 defuerit,
1181 3677 1343 3751 ciminum
1366 3679 1529 3754 rusticum

564 3785 686 3881 pondo
713 3784 783 3856 duo
810 3782 852 3862 in
873 3784 1050 3880 pulverem
1080 3787 1228 3883 rediges,
1249 3786 1432 3884 additoque
1457 3788 1530 3863 olei

565 3892 702 3990 optimi,
714 3918 785 3967 uno
799 3894 923 3985 ebulo,
937 3920 1078 3993 extaqua
1099 3895 1201 3968 mulsa
1216 3895 1376 3969 diffundis
1389 3898 1431 3969 ad
1444 3923 1530 3979 cor·‚

565 4029 623 4078 nu.
643 4005 707 4077 Sed
721 4004 840 4089 ceteris
861 4004 959 4102 potio
978 4007 1052 4079 haec
1063 4005 1175 4101 aptior
1187 4006 1352 4079 creditur:
1368 4007 1450 4103 npii
1461 4026 1531 4085 ura-i

520 4208 524 4217 1
563 4112 650 4187 ciam
676 4142 706 4204 r,
726 4111 901 4210 jusquiami
926 4112 1060 4186 unciam
1076 4131 1118 4203 st,
1139 4110 1270 4186 seminis
1293 4113 1360 4210 apii
1385 4114 1530 4190 unciam
1559 4175 1565 4188 .

568 4249 601 4314 r,
616 4225 748 4298 seminis
763 4225 897 4300 lallucae
909 4224 1024 4297 uncias
1041 4250 1081 4309 2,
1094 4224 1271 4321 papaveris
1284 4222 1531 4318 silvestris‘un·

565 4331 661 4407 eiam.
678 4332 755 4433 quae
774 4333 889 4410 omnia
910 4333 946 4408 in
961 4334 1140 4430 pulverem
1160 4336 1289 4409 redafla
1304 4333 1531 4431 commisces,

1353 4577 1361 4614 l
