3875 5759
610 898 724 980 arn
764 907 839 1007 ry.
889 905 1255 1000 Mnttrrus.
1356 933 1423 1007 ης

441 1069 556 1168 rpoffit
575 1083 780 1155 occurrere;
801 1068 917 1144 calidis
938 1093 1026 1141 vero
1041 1070 1079 1142 δι
1094 1067 1241 1141 aelluosrs
1260 1081 1344 1160 eas,⁵
1394 1095 1425 1143 ac

455 1183 529 1269 lero
552 1199 732 1252 maturant.
751 1178 887 1254 Gaudet
905 1177 1027 1250 assidua
1049 1176 1206 1250 foffionc.
1223 1200 1285 1271 per
1307 1093 1404 1250 augunt

357 1311 359 1316 ’
454 1307 572 1363 mnum
586 1286 736 1383 proderit
748 1288 800 1377 ,ti
815 1286 941 1360 stercus
956 1286 1168 1373 admoveas,
1186 1284 1358 1382 praecipue
1381 1286 1424 1359 de

454 1398 600 1477 aviariis.
618 1398 799 1472 recidenda
822 1397 945 1470 suntin
967 1421 1025 1485 ea,
1040 1420 1118 1492 quae
1136 1412 1195 1480 aut
1214 1395 1345 1490 putria,
1364 1414 1423 1468 aut

453 1509 541 1581 male
560 1525 641 1580 nata
663 1506 854 1603 repereris:
874 1510 912 1608 dt
933 1531 972 1578 ea
988 1505 1121 1579 ratione
1143 1507 1291 1600 putanda
1306 1504 1425 1593 ell,ut

454 1614 614 1690 inclinata
636 1640 697 1713 per
711 1616 813 1691 latera
832 1613 933 1713 poliit
957 1616 1115 1712 expandi.
1137 1619 1174 1687 ln
1193 1613 1282 1690 locis
1302 1614 1424 1689 hume·

454 1726 516 1798 etis
529 1724 614 1799 ficus
635 1722 764 1822 saporis
786 1724 897 1798 obtusr
920 1723 986 1810 est,
1004 1725 1059 1798 cui
1076 1723 1282 1801 circumcisis
1299 1744 1423 1799 contra

455 1837 522 1911 hoc
542 1834 724 1909 radicibus.
737 1834 931 1933 aliquantus
953 1834 1039 1906 cinis
1061 1836 1162 1908 debet
1188 1834 1327 1910 affundi.
1348 1836 1424 1917 Ali·

455 1946 515 2043 qui
536 1944 629 2019 inter·
644 1944 776 2019 ficarias
792 1941 945 2040 caprifici
965 1945 1123 2017 arborem
1138 1944 1260 2017 lerunt
1271 1961 1336 2033 ,nt
1350 1970 1423 2018 non

454 2054 495 2129 lit
513 2054 643 2130 necesse
658 2041 718 2154 per
737 2054 882 2153 singulas
902 2053 1042 2127 arbores
1058 2077 1124 2151 pro
1140 2054 1292 2127 remedio
1306 2054 1423 2127 eadem

403 2222 405 2225 ψ
454 2192 559 2264 poma
583 2168 747 2265 suspendi.
769 2167 885 2241 Mense
906 2168 1037 2265 lunio,
1059 2167 1149 2243 circa
1170 2167 1349 2243 solstitium·
1366 2194 1423 2243 ca·

455 2262 650 2376 prificandae
664 2279 738 2355 sunt
750 2282 888 2355 arbores
901 2278 972 2373 fici,
983 2282 1019 2355 id
1029 2281 1089 2374 est,
1099 2280 1319 2378 suspendendi
1330 2280 1425 2380 gros·
1535 2289 1539 2296 “

454 2389 477 2463 fi
495 2414 538 2463 ex
555 2390 740 2489 caprifico,
755 2394 830 2465 lino
839 2381 855 2480 ‚⁴
866 2394 961 2467 velut
976 2394 1067 2469 serta·
1078 2394 1212 2492 pertusi.
1233 2394 1267 2467 Si
1280 2394 1349 2468 lroc
1363 2394 1425 2467 de·'

453 2499 687 2590 fit‚·abrotani
709 2504 808 2603 virga
830 2503 1066 2601 suspenditur3
1086 2522 1144 2577 aut
1162 2504 1307 2594 callum,
1327 2502 1424 2601 quod

453 2610 489 2683 in
508 2610 628 2687 ulmeis
639 2612 734 2687 foliis
747 2614 942 2705 invenitur,
957 2637 1017 2689 aut
1030 2616 1171 2689 arietina
1186 2638 1318 2690 cornua
1332 2614 1423 2689 circa

453 2721 582 2797 radices
604 2724 737 2798 arboris
758 2727 979 2815 obruuntur;
1004 2726 1061 2799 vel
1088 2744 1229 2801 truncus
1256 2726 1421 2816 arboris,

412 2836 414 2841 ’
454 2855 526 2927 quo
547 2832 632 2906 loco
646 2851 782 2933 turget,
795 2834 1033 2909 scarificandns
1048 2834 1117 2925 est,
1133 2851 1172 2906 nt
1186 2833 1286 2930 poffit
1296 2833 1427 2937 humor¹

456 2939 600 3013 effluere.
613 2942 667 3013 Ne
684 2967 816 3016 vermes
835 2945 1003 3040 patiatur,
1017 2969 1147 3017 ramum
1166 2940 1350 3015 terebinthi
1364 2941 1423 3016 vel

457 3044 588 3121 lentisci
605 3049 725 3122 taleam
747 3076 824 3124 curn
847 3051 972 3148 plantis
986 3050 1042 3126 fici
1064 3053 1241 3127 cacumine
1254 3075 1424 3149 ponemus

456 3153 603 3232 inverso.
625 3160 761 3237 uncinis
782 3162 878 3235 aereis
895 3163 1042 3260 tollendi
1069 3163 1145 3237 lunt
1169 3188 1303 3238 vermes
1321 3189 1365 3237 ex
1379 3162 1423 3235 fi·

454 3289 510 3340 co.
526 3268 594 3342 Alii
617 3297 814 3363 amurcam,
834 3273 891 3347 alii
905 3295 1055 3357 veterem
1069 3275 1424 3371 urinam-ablaqueatis

455 3376 622 3452 radicibus
641 3381 795 3456 miscent.
811 3383 880 3455 atii
894 3384 1047 3458 bitumen
1070 3387 1108 3460 &
1125 3383 1262 3474 oleum,
1280 3402 1341 3456 aur
1363 3384 1420 3457 lo-

454 3483 661 3561 lamcalcem
676 3490 798 3563 vivam
816 3493 953 3565 latebris
966 3494 1137 3568 vermium
1153 3493 1287 3569 liniunt.
1302 3495 1335 3566 Si
1350 3491 1426 3565 for-¹

454 3594 552 3667 micae
571 3595 720 3671 molesta
731 3598 826 3690 sunt,
841 3601 995 3691 rubrica,
1010 3603 1165 3703 butyro,
1180 3606 1219 3678 δι
1233 3604 1306 3702 pice
1319 3602 1424 3702 liqui·

454 3708 495 3777 da
514 3703 620 3779 mixta
639 3707 729 3784 circa
745 3731 904 3788 truncum
926 3714 1026 3787 deber
1050 3714 1177 3789 induci.
1199 3716 1266 3787 Alii
1288 3712 1423 3788 coraci·

364 3816 369 3844 ⁸
454 3842 536 3889 num
556 3817 681 3913 piscem
702 3840 826 3897 contra
844 3824 1004 3899 formicas
1019 3825 1056 3897 in
1077 3828 1199 3901 arbore
1218 3824 1423 3922 suspenden·
1537 3894 1539 3898 a

454 3927 532 3998 dum
560 3929 625 4003 effe
651 3931 869 4010 confirmant.
890 3935 925 4008 Si
951 3934 1080 4008 frudun
1105 3935 1183 4009 suos
1215 3935 1308 4009 velut
1335 3955 1423 4027 aegra

454 4036 633 4131 projiciet,
647 4041 707 4114 alii
720 4043 852 4119 rubrica
864 4063 921 4118 aut
933 4070 1069 4118 amurca
1084 4044 1205 4118 insulsa
1219 4044 1323 4117 mixta
1337 4050 1436 4136 aqua

354 4235 356 4239 ι
454 4147 611 4222 arborem
625 4151 770 4240 liniunt3
792 4156 850 4227 vel
868 4181 1030 4230 cancrum
1046 4154 1219 4234 fiuvialem
1235 4178 1310 4224 cum
1326 4174 1423 4223 ramo

455 4275 539 4329 rutae
556 4260 789 4357 suspendunt;
808 4268 987 4365 velalgam
1009 4266 1195 4353 marinam,
1218 4261 1276 4334 vel
1299 4261 1422 4335 fascem

457 4364 681 4462 lupinorum
706 4370 763 4446 vel
789 4374 891 4449 radici
917 4374 1090 4449 terebrata
1118 4395 1266 4443 cuneum
1291 4367 1445 4479 figunt,x

841 4511 844 4518 ·
1049 4540 1055 4546 .
1149 4477 1184 4549 H
1208 4502 1233 4569 4
1342 4476 1346 4479 ’
