3875 5759
485 894 554 994 ηε
671 877 1247 964 secernitur.

483 1058 583 1151 cipue
602 1050 724 1138 dicitur
736 1076 746 1121 ε
759 1049 797 1122 &
811 1045 866 1121 hic
880 1067 1047 1147 negatura
1060 1047 1253 1146 quibitsdam
1267 1043 1359 1147 posse
1372 1071 1436 1126 cua·

481 1165 549 1235 rari
559 1217 571 1253 ,
583 1180 779 1258 propterea,
790 1159 883 1251 quod
893 1159 1035 1254 phthisi,
1046 1181 1122 1256 quae
1136 1162 1327 1237 hominibus
1342 1187 1437 1237 mor*

482 1272 581 1347 tifera
600 1270 667 1361 est,
684 1270 796 1342 similis
815 1270 1000 1343 invenitur.
1022 1261 1189 1364 Quotidie
1213 1275 1302 1347 enim
1327 1278 1437 1349 macie

484 1383 674 1471 crescente,
687 1379 811 1454 exilior
830 1381 1215 1478 redditur,.penitusque
1229 1384 1377 1458 ficcarur.
1395 1390 1438 1457 In

457 1573 459 1578 ,
482 1491 577 1565 omni
606 1477 714 1561 autem
742 1490 875 1561 ratione
905 1489 1081 1562 medicine
1111 1486 1240 1564 facilius
1266 1494 1338 1582 esi,
1359 1516 1438 1589 quae

481 1598 728 1673 abundaverint
743 1597 947 1685 diminuere,
962 1621 1074 1693 quam,
1088 1621 1163 1691 quae
1174 1599 1330 1671 videntur
1342 1600 1439 1672 dees-

484 1710 538 1796 se,
554 1697 715 1803 supplere.
730 1705 824 1779 Salus
838 1700 1121 1804 tamen'jumentis
1133 1705 1230 1778 etiam
1246 1706 1280 1777 in
1293 1707 1355 1778 hac
1365 1708 1440 1802 pas·

483 1818 578 1891 sione
609 1815 805 1912 praestatur,
822 1811 847 1888 fi
866 1805 964 1887 inter.
981 1812 1145 1909 principia
1170 1814 1270 1907 possit
1290 1815 1442 1890 occurri.

483 1923 687 2023 Sanguinem
710 1913 804 1994 siccis
819 1920 990 1995 detrahere
1011 1918 1217 1992 contrarium
1230 1918 1286 1992 est.
1303 1924 1367 1993 Sed
1382 1924 1443 1995 vi-

485 2061 535 2106 no
545 2037 584 2107 &
595 2034 676 2106 oleo
689 2031 890 2103 sufficienter
901 2028 1054 2102 admixto
1066 2022 1105 2102 δι
1117 2025 1299 2124 tepefano,
1313 2055 1445 2126 perun·

483 2146 629 2243 gendum
650 2159 729 2211 toto
751 2153 898 2234 corpore
919 2139 1042 2212 animal
1062 2137 1129 2226 est,
1151 2138 1196 2211 ita
1221 2157 1258 2211 ut
1280 2162 1379 2235 captu
1400 2146 1444 2215 dc

366 2247 369 2262 '
484 2249 648 2337 maxilla),
669 2252 706 2321 δι
723 2248 927 2320 extrinsecus
939 2246 1050 2320 fauces
1071 2248 1178 2320 eidem
1194 2248 1314 2346 largius
1327 2249 1445 2321 infune

484 2362 630 2445 dantur,
644 2362 682 2432 δι
699 2376 818 2431 contra
839 2358 944 2453 pilum
964 2357 1121 2453 usquead
1144 2356 1298 2429 sudorem
1320 2352 1444 2431 diutis-

485 2469 567 2543 fime
576 2466 818 2542 confricentur.
832 2465 1030 2541 intrinsecus
1041 2484 1177 2540 autema
1192 2466 1296 2561 prima
1309 2468 1362 2540 die
1377 2470 1444 2544 hac

485 2579 630 2677 potione
659 2578 843 2651 curandum
865 2574 924 2649 est.
949 2579 1093 2650 Succum
1122 2574 1283 2671 ptisanae,
1308 2577 1443 2670 adipem

488 2688 620 2761 suillum
646 2686 846 2775 remissum,
869 2687 907 2758 δι
930 2685 1068 2790 amisum
1093 2708 1135 2757 ex
1160 2685 1258 2757 melle
1283 2683 1446 2785 passoque

486 2798 664 2871 decodum
688 2820 748 2890 per
772 2820 881 2868 cornu
905 2792 941 2866 in
972 2794 1116 2889 potione
1133 2793 1246 2881 dabis,
1262 2813 1298 2864 ut
1320 2796 1447 2871 canaiis

488 2902 632 3003 gutturis
652 2905 784 2989 eidem,
806 2903 1085 2997 maxillarumque
1106 2927 1273 2996 compago
1292 2903 1448 2992 laxetur,

489 3041 589 3112 quam
598 3012 729 3083 'ficcitas
738 3013 957 3082 adstrinxerat
972 3013 1093 3083 morbi.
1106 3016 1188 3103 Quo
1199 3014 1299 3101 sasso,
1312 3013 1347 3084 in
1363 3015 1458 3089 loco-

488 3121 599 3193 calido
626 3117 732 3188 siabit.
758 3116 905 3187 lnsusum
934 3118 1099 3189 hordeum
1127 3122 1330 3215 herbamque
1358 3125 1449 3197 viri·

488 3226 625 3316 dem,si
647 3222 787 3295 inventa
800 3220 920 3308 fuerit,
932 3221 1032 3295 debet
1049 3225 1223 3319 accipere,
1242 3254 1278 3296 ut
1293 3234 1389 3303 omni
1404 3255 1458 3308 ert-

489 3355 582 3435 parte
600 3332 788 3430 periculosa
804 3330 939 3404 ariditas
961 3350 1174 3427 temperetur.
1188 3336 1452 3431 Consequenrer

490 3444 567 3517 ralis
591 3444 699 3515 eidem
728 3442 827 3539 potio
848 3464 1063 3539 praeparetur.
1090 3444 1171 3516 Paffi
1194 3443 1315 3537 optimi
1337 3445 1451 3523 sexta-

491 3552 579 3624 rium
604 3577 732 3641 unum,
751 3550 847 3624 iridis
868 3550 1016 3649 Illyrica
1033 3554 1167 3626 unciam
1186 3578 1306 3642 unam,
1324 3555 1451 3651 piperis

490 3660 577 3759 nigri
599 3659 838 3752 semiunciam,
856 3661 950 3735 croci
976 3660 1194 3757 scrupulum,
1210 3665 1357 3760 myrrhae
1382 3667 1448 3740 tri·
1465 3667 1474 3671 ”

492 3770 619 3868 gonitis
639 3769 874 3859 semiunciam,
888 3771 1026 3867 pollinis
1054 3771 1138 3844 turis
1158 3773 1292 3846 unciam
1319 3801 1463 3866 unam,

493 3906 566 3955 ova
584 3882 688 3954 cruda
707 3879 856 3978 quinque
877 3880 1000 3976 pariter
1022 3880 1125 3952 mixta
1145 3882 1251 3976 prima
1274 3882 1328 3954 die
1355 3886 1450 3961 dabir

494 4014 537 4063 ex
556 3990 708 4090 integro,
726 3990 772 4061 ita
791 4007 829 4062 ut
849 4013 908 4084 per
924 3990 1071 4062 triduum
1085 3990 1187 4086 ipsam
1212 3991 1347 4065 misceas
1363 3995 1450 4068 sem·

494 4124 552 4194 per
576 4102 615 4173 &
630 4094 770 4188 offeras,
787 4116 825 4171 ut
842 4116 910 4171 tam
933 4098 1044 4197 gravis
1065 4101 1175 4173 morbi
1189 4100 1367 4198 asperitas,
1381 4132 1449 4201 po·

494 4206 598 4281 tionis
617 4207 792 4284 dulcedine
808 4208 987 4307 mitigetur.
1007 4207 1085 4281 Post
1099 4210 1193 4298 haec,
1206 4209 1324 4293 melle,
1340 4213 1457 4312 bury?

495 4338 564 4407 ro,
586 4315 754 4417 axungia,
769 4314 910 4429 salibus,
933 4320 971 4394 δι
997 4317 1134 4415 picula,
1158 4319 1235 4393 offis
1262 4343 1326 4417 pro
1351 4342 1449 4421 equa
