<?xml version="1.0" encoding="UTF-8"?>
<!DOCTYPE html PUBLIC "-//W3C//DTD XHTML 1.0 Transitional//EN"
    "http://www.w3.org/TR/xhtml1/DTD/xhtml1-transitional.dtd">
<html xmlns="http://www.w3.org/1999/xhtml" xml:lang="en" lang="en">
 <head>
  <title>
</title>
<meta http-equiv="Content-Type" content="text/html;charset=utf-8" />
  <meta name='ocr-system' content='tesseract 3.04.00' />
  <meta name='ocr-capabilities' content='ocr_page ocr_carea ocr_par ocr_line ocrx_word'/>
</head>
<body>
  <div class='ocr_page' id='page_1' title='image "./scriptoresreiru00gesngoog_0246.png"; bbox 0 0 3875 5759; ppageno 0'>
   <div class='ocr_carea' id='block_1_1' title="bbox 492 885 1272 1000">
    <p class='ocr_par' dir='ltr' id='par_1_1' title="bbox 492 885 1272 1000">
     <span class='ocr_line' id='line_1_1' title="bbox 492 885 1272 1000; baseline -0.001 -30"><span class='ocrx_word' id='word_1_1' title='bbox 492 909 563 989; x_wconf 78' lang='lat'>&#39;²44</span> <span class='ocrx_word' id='word_1_2' title='bbox 681 885 1272 1000; x_wconf 70' lang='lat' dir='ltr'>reseruntur.</span> 
     </span>
    </p>
   </div>
   <div class='ocr_carea' id='block_1_2' title="bbox 484 1050 1457 1264">
    <p class='ocr_par' dir='ltr' id='par_1_2' title="bbox 484 1050 1457 1264">
     <span class='ocr_line' id='line_1_2' title="bbox 486 1050 1457 1161; baseline 0.001 -30"><span class='ocrx_word' id='word_1_3' title='bbox 486 1054 639 1161; x_wconf 84' lang='lat' dir='ltr'>gestione</span> <span class='ocrx_word' id='word_1_4' title='bbox 664 1051 850 1130; x_wconf 83' lang='lat' dir='ltr'>curandum</span> <span class='ocrx_word' id='word_1_5' title='bbox 872 1050 929 1127; x_wconf 79' lang='lat' dir='ltr'>est.</span> <span class='ocrx_word' id='word_1_6' title='bbox 956 1051 1058 1127; x_wconf 83' lang='lat' dir='ltr'>Aioes</span> <span class='ocrx_word' id='word_1_7' title='bbox 1082 1052 1218 1129; x_wconf 85' lang='lat' dir='ltr'>unciam</span> <span class='ocrx_word' id='word_1_8' title='bbox 1250 1081 1297 1146; x_wconf 89' lang='lat' dir='ltr'>t,</span> <span class='ocrx_word' id='word_1_9' title='bbox 1321 1054 1457 1157; x_wconf 86' lang='lat' dir='ltr'>pyretri</span> 
     </span>
     <span class='ocr_line' id='line_1_3' title="bbox 484 1162 1457 1264; baseline -0.005 -17"><span class='ocrx_word' id='word_1_10' title='bbox 484 1171 622 1247; x_wconf 80' lang='lat' dir='ltr'>unciam</span> <span class='ocrx_word' id='word_1_11' title='bbox 649 1195 688 1254; x_wconf 83' lang='lat' dir='ltr'>r,</span> <span class='ocrx_word' id='word_1_12' title='bbox 707 1164 892 1263; x_wconf 88' lang='lat' dir='ltr'>eup&#39;hotbii</span> <span class='ocrx_word' id='word_1_13' title='bbox 915 1164 1048 1238; x_wconf 87' lang='lat' dir='ltr'>unciam</span> <span class='ocrx_word' id='word_1_14' title='bbox 1078 1162 1198 1253; x_wconf 84' lang='lat' dir='ltr'>semis,</span> <span class='ocrx_word' id='word_1_15' title='bbox 1218 1165 1344 1264; x_wconf 88' lang='lat' dir='ltr'>pulegii</span> <span class='ocrx_word' id='word_1_16' title='bbox 1368 1168 1457 1241; x_wconf 87' lang='lat' dir='ltr'>bene</span> 
     </span>
    </p>
   </div>
   <div class='ocr_carea' id='block_1_3' title="bbox 411 1272 1455 4446">
    <p class='ocr_par' dir='ltr' id='par_1_3' title="bbox 411 1272 1455 3021">
     <span class='ocr_line' id='line_1_4' title="bbox 488 1272 1455 1365; baseline -0.004 -11"><span class='ocrx_word' id='word_1_17' title='bbox 488 1283 559 1359; x_wconf 86' lang='lat' dir='ltr'>triti</span> <span class='ocrx_word' id='word_1_18' title='bbox 584 1276 717 1351; x_wconf 88' lang='lat' dir='ltr'>unciam</span> <span class='ocrx_word' id='word_1_19' title='bbox 744 1274 975 1365; x_wconf 82' lang='lat' dir='ltr'>t,baccarum</span> <span class='ocrx_word' id='word_1_20' title='bbox 998 1272 1083 1345; x_wconf 89' lang='lat' dir='ltr'>lauri</span> <span class='ocrx_word' id='word_1_21' title='bbox 1103 1273 1240 1347; x_wconf 84' lang='lat' dir='ltr'>unciam</span> <span class='ocrx_word' id='word_1_22' title='bbox 1262 1302 1299 1365; x_wconf 93' lang='lat' dir='ltr'>t,</span> <span class='ocrx_word' id='word_1_23' title='bbox 1317 1276 1455 1350; x_wconf 85' lang='lat' dir='ltr'>castorii</span> 
     </span>
     <span class='ocr_line' id='line_1_5' title="bbox 487 1382 1455 1482; baseline -0.006 -17"><span class='ocrx_word' id='word_1_24' title='bbox 487 1385 724 1474; x_wconf 86' lang='lat' dir='ltr'>semiunciam,</span> <span class='ocrx_word' id='word_1_25' title='bbox 739 1384 873 1459; x_wconf 88' lang='lat' dir='ltr'>feminis</span> <span class='ocrx_word' id='word_1_26' title='bbox 892 1382 1013 1480; x_wconf 87' lang='lat' dir='ltr'>finapis</span> <span class='ocrx_word' id='word_1_27' title='bbox 1027 1382 1143 1456; x_wconf 87' lang='lat' dir='ltr'>uncias</span> <span class='ocrx_word' id='word_1_28' title='bbox 1158 1410 1198 1482; x_wconf 86' lang='lat'>3,</span> <span class='ocrx_word' id='word_1_29' title='bbox 1213 1383 1287 1457; x_wconf 87' lang='lat' dir='ltr'>salis</span> <span class='ocrx_word' id='word_1_30' title='bbox 1306 1384 1377 1458; x_wconf 88' lang='lat' dir='ltr'>triti</span> <span class='ocrx_word' id='word_1_31' title='bbox 1393 1384 1455 1459; x_wconf 90' lang='lat' dir='ltr'>he·</span> 
     </span>
     <span class='ocr_line' id='line_1_6' title="bbox 411 1492 1455 1592; baseline -0.001 -23"><span class='ocrx_word' id='word_1_32' title='bbox 411 1579 418 1590; x_wconf 47' lang='grc'><em>,</em></span> <span class='ocrx_word' id='word_1_33' title='bbox 486 1498 637 1576; x_wconf 83' lang='lat' dir='ltr'>minam:</span> <span class='ocrx_word' id='word_1_34' title='bbox 658 1494 730 1568; x_wconf 84' lang='lat' dir='ltr'>baec</span> <span class='ocrx_word' id='word_1_35' title='bbox 743 1494 859 1566; x_wconf 85' lang='lat' dir='ltr'>omnia</span> <span class='ocrx_word' id='word_1_36' title='bbox 873 1492 1053 1592; x_wconf 85' lang='lat' dir='ltr'>diligenter</span> <span class='ocrx_word' id='word_1_37' title='bbox 1074 1492 1213 1565; x_wconf 89' lang='lat' dir='ltr'>contusa</span> <span class='ocrx_word' id='word_1_38' title='bbox 1228 1493 1262 1565; x_wconf 93' lang='lat' dir='ltr'>in</span> <span class='ocrx_word' id='word_1_39' title='bbox 1277 1511 1344 1567; x_wconf 88' lang='lat' dir='ltr'>tres</span> <span class='ocrx_word' id='word_1_40' title='bbox 1361 1493 1455 1569; x_wconf 88' lang='lat' dir='ltr'>divi·</span> 
     </span>
     <span class='ocr_line' id='line_1_7' title="bbox 486 1603 1454 1706; baseline -0.001 -25"><span class='ocrx_word' id='word_1_41' title='bbox 486 1608 546 1681; x_wconf 82' lang='lat' dir='ltr'>des</span> <span class='ocrx_word' id='word_1_42' title='bbox 562 1625 692 1702; x_wconf 81' lang='lat' dir='ltr'>partes,</span> <span class='ocrx_word' id='word_1_43' title='bbox 705 1608 744 1681; x_wconf 79' lang='grc' dir='ltr'>δι</span> <span class='ocrx_word' id='word_1_44' title='bbox 756 1603 872 1680; x_wconf 90' lang='lat' dir='ltr'>diebus</span> <span class='ocrx_word' id='word_1_45' title='bbox 886 1605 1021 1704; x_wconf 76' lang='lat' dir='ltr'>singulis</span> <span class='ocrx_word' id='word_1_46' title='bbox 1039 1630 1118 1679; x_wconf 86' lang='lat' dir='ltr'>cunt</span> <span class='ocrx_word' id='word_1_47' title='bbox 1132 1630 1238 1706; x_wconf 85' lang='lat' dir='ltr'>aqua,</span> <span class='ocrx_word' id='word_1_48' title='bbox 1253 1606 1292 1679; x_wconf 91' lang='lat' dir='ltr'>in&#39;</span> <span class='ocrx_word' id='word_1_49' title='bbox 1302 1632 1366 1705; x_wconf 85' lang='lat' dir='ltr'>qua</span> <span class='ocrx_word' id='word_1_50' title='bbox 1380 1607 1454 1680; x_wconf 89' lang='lat' dir='ltr'>fur·</span> 
     </span>
     <span class='ocr_line' id='line_1_8' title="bbox 485 1713 1454 1811; baseline -0.002 -20"><span class='ocrx_word' id='word_1_51' title='bbox 485 1716 578 1791; x_wconf 84' lang='lat' dir='ltr'>fures</span> <span class='ocrx_word' id='word_1_52' title='bbox 600 1716 704 1791; x_wconf 88' lang='lat' dir='ltr'>tritici</span> <span class='ocrx_word' id='word_1_53' title='bbox 719 1714 849 1790; x_wconf 74' lang='lat' dir='ltr'>decoffi</span> <span class='ocrx_word' id='word_1_54' title='bbox 867 1713 1014 1806; x_wconf 79' lang='lat' dir='ltr'>fuerint,</span> <span class='ocrx_word' id='word_1_55' title='bbox 1027 1713 1165 1811; x_wconf 82' lang='lat' dir='ltr'>tepida,</span> <span class='ocrx_word' id='word_1_56' title='bbox 1181 1717 1265 1793; x_wconf 89' lang='lat' dir='ltr'>ficut</span> <span class='ocrx_word' id='word_1_57' title='bbox 1277 1744 1366 1793; x_wconf 81' lang='lat' dir='ltr'>curae</span> <span class='ocrx_word' id='word_1_58' title='bbox 1381 1718 1454 1791; x_wconf 81' lang='lat' dir='ltr'>exi·</span> 
     </span>
     <span class='ocr_line' id='line_1_9' title="bbox 485 1820 1453 1928; baseline 0.003 -30"><span class='ocrx_word' id='word_1_59' title='bbox 485 1826 538 1928; x_wconf 88' lang='lat' dir='ltr'>gir</span> <span class='ocrx_word' id='word_1_60' title='bbox 559 1823 668 1914; x_wconf 83' lang='lat' dir='ltr'>ratio,</span> <span class='ocrx_word' id='word_1_61' title='bbox 682 1822 771 1922; x_wconf 81' lang='lat' dir='ltr'>quasi</span> <span class='ocrx_word' id='word_1_62' title='bbox 789 1820 938 1923; x_wconf 83' lang='lat' dir='ltr'>singulos</span> <span class='ocrx_word' id='word_1_63' title='bbox 952 1821 1217 1917; x_wconf 52' lang='lat' dir='ltr'>semisextarium</span> <span class='ocrx_word' id='word_1_64' title='bbox 1234 1827 1378 1925; x_wconf 88' lang='lat' dir='ltr'>clystere</span> <span class='ocrx_word' id='word_1_65' title='bbox 1392 1853 1453 1925; x_wconf 92' lang='lat' dir='ltr'>per</span> 
     </span>
     <span class='ocr_line' id='line_1_10' title="bbox 484 1932 1454 2024; baseline -0.004 -9"><span class='ocrx_word' id='word_1_66' title='bbox 484 1936 681 2016; x_wconf 82' lang='lat' dir='ltr'>intestinum</span> <span class='ocrx_word' id='word_1_67' title='bbox 696 1934 848 2009; x_wconf 86' lang='lat' dir='ltr'>animalis</span> <span class='ocrx_word' id='word_1_68' title='bbox 869 1932 1042 2024; x_wconf 90' lang='lat' dir='ltr'>infundis,</span> <span class='ocrx_word' id='word_1_69' title='bbox 1056 1951 1094 2007; x_wconf 88' lang='lat' dir='ltr'>ut</span> <span class='ocrx_word' id='word_1_70' title='bbox 1110 1933 1272 2009; x_wconf 68' lang='lat' dir='ltr'>calefaffis</span> <span class='ocrx_word' id='word_1_71' title='bbox 1293 1936 1454 2011; x_wconf 89' lang='lat' dir='ltr'>intrinse-</span> 
     </span>
     <span class='ocr_line' id='line_1_11' title="bbox 485 2039 1454 2141; baseline -0.005 -16"><span class='ocrx_word' id='word_1_72' title='bbox 485 2053 549 2127; x_wconf 81' lang='lat' dir='ltr'>cus</span> <span class='ocrx_word' id='word_1_73' title='bbox 570 2039 730 2135; x_wconf 87' lang='lat' dir='ltr'>renibus,</span> <span class='ocrx_word' id='word_1_74' title='bbox 752 2043 917 2118; x_wconf 88' lang='lat' dir='ltr'>resolutus</span> <span class='ocrx_word' id='word_1_75' title='bbox 930 2045 1056 2116; x_wconf 91' lang='lat' dir='ltr'>humor</span> <span class='ocrx_word' id='word_1_76' title='bbox 1075 2044 1176 2141; x_wconf 84' lang='lat' dir='ltr'>poffit</span> <span class='ocrx_word' id='word_1_77' title='bbox 1192 2070 1250 2141; x_wconf 89' lang='lat' dir='ltr'>pet</span> <span class='ocrx_word' id='word_1_78' title='bbox 1272 2066 1454 2137; x_wconf 87' lang='lat' dir='ltr'>ventrem,</span> 
     </span>
     <span class='ocr_line' id='line_1_12' title="bbox 485 2153 1454 2252; baseline 0.002 -23"><span class='ocrx_word' id='word_1_79' title='bbox 485 2184 564 2234; x_wconf 83' lang='lat' dir='ltr'>eum</span> <span class='ocrx_word' id='word_1_80' title='bbox 591 2155 738 2227; x_wconf 86' lang='lat' dir='ltr'>stercore</span> <span class='ocrx_word' id='word_1_81' title='bbox 767 2153 886 2226; x_wconf 84' lang='lat' dir='ltr'>emitti.</span> <span class='ocrx_word' id='word_1_82' title='bbox 916 2155 1079 2227; x_wconf 84' lang='lat' dir='ltr'>Praeterea</span> <span class='ocrx_word' id='word_1_83' title='bbox 1106 2154 1211 2227; x_wconf 88' lang='lat' dir='ltr'>lumbi</span> <span class='ocrx_word' id='word_1_84' title='bbox 1240 2155 1339 2252; x_wconf 85' lang='lat' dir='ltr'>ipftns</span> <span class='ocrx_word' id='word_1_85' title='bbox 1366 2159 1454 2231; x_wconf 89' lang='lat' dir='ltr'>oleo</span> 
     </span>
     <span class='ocr_line' id='line_1_13' title="bbox 482 2262 1451 2359; baseline -0.002 -16"><span class='ocrx_word' id='word_1_86' title='bbox 482 2265 624 2343; x_wconf 79' lang='lat' dir='ltr'>lautino</span> <span class='ocrx_word' id='word_1_87' title='bbox 647 2263 731 2336; x_wconf 82' lang='lat' dir='ltr'>vino</span> <span class='ocrx_word' id='word_1_88' title='bbox 750 2262 862 2335; x_wconf 85' lang='lat' dir='ltr'>calido</span> <span class='ocrx_word' id='word_1_89' title='bbox 878 2263 1050 2359; x_wconf 87' lang='lat' dir='ltr'>permixto</span> <span class='ocrx_word' id='word_1_90' title='bbox 1068 2265 1277 2339; x_wconf 83' lang='lat' dir='ltr'>confricandi</span> <span class='ocrx_word' id='word_1_91' title='bbox 1299 2268 1375 2338; x_wconf 90' lang='lat' dir='ltr'>funt</span> <span class='ocrx_word' id='word_1_92' title='bbox 1389 2294 1451 2343; x_wconf 89' lang='lat' dir='ltr'>ve·</span> 
     </span>
     <span class='ocr_line' id='line_1_14' title="bbox 415 2356 1451 2463; baseline 0.003 -15"><span class='ocrx_word' id='word_1_93' title='bbox 415 2438 421 2448; x_wconf 70' lang='grc'>,</span> <span class='ocrx_word' id='word_1_94' title='bbox 482 2356 659 2452; x_wconf 78' lang='lat' dir='ltr'>hementer</span> <span class='ocrx_word' id='word_1_95' title='bbox 677 2372 716 2443; x_wconf 75' lang='grc' dir='ltr'>δι</span> <span class='ocrx_word' id='word_1_96' title='bbox 736 2366 840 2463; x_wconf 83' lang='lat' dir='ltr'>faepe,</span> <span class='ocrx_word' id='word_1_97' title='bbox 860 2387 898 2440; x_wconf 91' lang='lat' dir='ltr'>ut</span> <span class='ocrx_word' id='word_1_98' title='bbox 921 2368 1048 2443; x_wconf 85' lang='lat' dir='ltr'>deforis</span> <span class='ocrx_word' id='word_1_99' title='bbox 1073 2371 1332 2449; x_wconf 87' lang='lat' dir='ltr'>&amp;intrinsecus</span> <span class='ocrx_word' id='word_1_100' title='bbox 1354 2403 1451 2454; x_wconf 87' lang='lat' dir='ltr'>acer·</span> 
     </span>
     <span class='ocr_line' id='line_1_15' title="bbox 482 2476 1452 2584; baseline 0.002 -24"><span class='ocrx_word' id='word_1_101' title='bbox 482 2482 615 2561; x_wconf 86' lang='lat' dir='ltr'>biffima</span> <span class='ocrx_word' id='word_1_102' title='bbox 633 2478 738 2577; x_wconf 80' lang='lat' dir='ltr'>paffio</span> <span class='ocrx_word' id='word_1_103' title='bbox 751 2477 851 2575; x_wconf 85' lang='lat' dir='ltr'>poffit</span> <span class='ocrx_word' id='word_1_104' title='bbox 872 2476 998 2552; x_wconf 85' lang='lat' dir='ltr'>evinci.</span> <span class='ocrx_word' id='word_1_105' title='bbox 1019 2479 1177 2553; x_wconf 78' lang='lat' dir='ltr'>Cauteria</span> <span class='ocrx_word' id='word_1_106' title='bbox 1198 2507 1335 2584; x_wconf 87' lang='lat' dir='ltr'>quoque</span> <span class='ocrx_word' id='word_1_107' title='bbox 1360 2489 1452 2562; x_wconf 90' lang='lat' dir='ltr'>reni·</span> 
     </span>
     <span class='ocr_line' id='line_1_16' title="bbox 483 2588 1448 2694; baseline 0.002 -24"><span class='ocrx_word' id='word_1_108' title='bbox 483 2593 550 2671; x_wconf 84' lang='lat' dir='ltr'>bus</span> <span class='ocrx_word' id='word_1_109' title='bbox 570 2592 868 2694; x_wconf 52' lang='lat' dir='ltr'>imponuntur2ut</span> <span class='ocrx_word' id='word_1_110' title='bbox 887 2588 949 2663; x_wconf 86' lang='lat' dir='ltr'>vis·</span> <span class='ocrx_word' id='word_1_111' title='bbox 961 2588 1073 2663; x_wconf 89' lang='lat' dir='ltr'>morbi</span> <span class='ocrx_word' id='word_1_112' title='bbox 1093 2589 1182 2689; x_wconf 90' lang='lat' dir='ltr'>ignis</span> <span class='ocrx_word' id='word_1_113' title='bbox 1201 2595 1321 2669; x_wconf 87' lang='lat' dir='ltr'>ardore</span> <span class='ocrx_word' id='word_1_114' title='bbox 1344 2598 1448 2671; x_wconf 85' lang='lat' dir='ltr'>stcce·</span> 
     </span>
     <span class='ocr_line' id='line_1_17' title="bbox 484 2693 1449 2800; baseline 0 -19"><span class='ocrx_word' id='word_1_115' title='bbox 484 2727 553 2782; x_wconf 89' lang='lat' dir='ltr'>tut.</span> <span class='ocrx_word' id='word_1_116' title='bbox 574 2702 698 2778; x_wconf 84' lang='lat' dir='ltr'>Danda</span> <span class='ocrx_word' id='word_1_117' title='bbox 718 2707 859 2799; x_wconf 84' lang='lat' dir='ltr'>quoqu‘e</span> <span class='ocrx_word' id='word_1_118' title='bbox 878 2697 924 2772; x_wconf 84' lang='lat' dir='ltr'>est</span> <span class='ocrx_word' id='word_1_119' title='bbox 952 2693 1051 2796; x_wconf 88' lang='lat' dir='ltr'>potio</span> <span class='ocrx_word' id='word_1_120' title='bbox 1078 2702 1159 2775; x_wconf 77' lang='lat' dir='ltr'>offo</span> <span class='ocrx_word' id='word_1_121' title='bbox 1183 2702 1365 2800; x_wconf 84' lang='lat' dir='ltr'>specierum</span> <span class='ocrx_word' id='word_1_122' title='bbox 1388 2709 1449 2782; x_wconf 91' lang='lat' dir='ltr'>de-</span> 
     </span>
     <span class='ocr_line' id='line_1_18' title="bbox 484 2810 1447 2907; baseline 0.004 -18"><span class='ocrx_word' id='word_1_123' title='bbox 484 2816 608 2902; x_wconf 68' lang='lat' dir='ltr'>costa,</span> <span class='ocrx_word' id='word_1_124' title='bbox 628 2811 725 2907; x_wconf 83' lang='lat' dir='ltr'>cujus</span> <span class='ocrx_word' id='word_1_125' title='bbox 739 2810 775 2883; x_wconf 89' lang='lat' dir='ltr'>in</span> <span class='ocrx_word' id='word_1_126' title='bbox 795 2810 966 2885; x_wconf 77' lang='lat' dir='ltr'>articulari</span> <span class='ocrx_word' id='word_1_127' title='bbox 987 2812 1110 2886; x_wconf 90' lang='lat' dir='ltr'>morbo</span> <span class='ocrx_word' id='word_1_128' title='bbox 1132 2811 1272 2887; x_wconf 85' lang='lat' dir='ltr'>fecimus</span> <span class='ocrx_word' id='word_1_129' title='bbox 1299 2817 1447 2893; x_wconf 87' lang='lat' dir='ltr'>mentio·</span> 
     </span>
     <span class='ocr_line' id='line_1_19' title="bbox 484 2921 1280 3021; baseline -0.001 -20"><span class='ocrx_word' id='word_1_130' title='bbox 484 2952 585 3004; x_wconf 83' lang='lat' dir='ltr'>nem,</span> <span class='ocrx_word' id='word_1_131' title='bbox 600 2923 681 3021; x_wconf 85' lang='lat' dir='ltr'>quia</span> <span class='ocrx_word' id='word_1_132' title='bbox 695 2922 731 2993; x_wconf 84' lang='lat' dir='ltr'>iit</span> <span class='ocrx_word' id='word_1_133' title='bbox 753 2921 912 2995; x_wconf 89' lang='lat' dir='ltr'>omnibus</span> <span class='ocrx_word' id='word_1_134' title='bbox 934 2922 1116 2999; x_wconf 85' lang='lat' dir='ltr'>efficaciter</span> <span class='ocrx_word' id='word_1_135' title='bbox 1134 2926 1280 3021; x_wconf 81' lang='lat' dir='ltr'>prodest.</span> 
     </span>
    </p>

    <p class='ocr_par' dir='ltr' id='par_1_4' title="bbox 467 3028 1448 4446">
     <span class='ocr_line' id='line_1_20' title="bbox 533 3028 1446 3132; baseline 0.009 -29"><span class='ocrx_word' id='word_1_136' title='bbox 533 3033 631 3103; x_wconf 87' lang='lat' dir='ltr'>XVI.</span> <span class='ocrx_word' id='word_1_137' title='bbox 652 3028 893 3124; x_wconf 84' lang='lat' dir='ltr'>Elephantiasts</span> <span class='ocrx_word' id='word_1_138' title='bbox 909 3032 1021 3102; x_wconf 89' lang='lat' dir='ltr'>morbi</span> <span class='ocrx_word' id='word_1_139' title='bbox 1044 3033 1139 3105; x_wconf 81' lang='lat' dir='ltr'>causa</span> <span class='ocrx_word' id='word_1_140' title='bbox 1153 3034 1302 3132; x_wconf 86' lang='lat' dir='ltr'>superius</span> <span class='ocrx_word' id='word_1_141' title='bbox 1327 3037 1375 3110; x_wconf 90' lang='lat' dir='ltr'>est</span> <span class='ocrx_word' id='word_1_142' title='bbox 1393 3037 1446 3111; x_wconf 89' lang='lat' dir='ltr'>in·</span> 
     </span>
     <span class='ocr_line' id='line_1_21' title="bbox 484 3134 1448 3232; baseline 0.011 -22"><span class='ocrx_word' id='word_1_143' title='bbox 484 3138 614 3223; x_wconf 81' lang='lat' dir='ltr'>dicata,</span> <span class='ocrx_word' id='word_1_144' title='bbox 630 3135 684 3232; x_wconf 86' lang='lat' dir='ltr'>cui</span> <span class='ocrx_word' id='word_1_145' title='bbox 699 3134 773 3205; x_wconf 84' lang='lat' dir='ltr'>talis</span> <span class='ocrx_word' id='word_1_146' title='bbox 793 3134 839 3205; x_wconf 87' lang='lat' dir='ltr'>est</span> <span class='ocrx_word' id='word_1_147' title='bbox 854 3135 1041 3209; x_wconf 86' lang='lat' dir='ltr'>adhibenda</span> <span class='ocrx_word' id='word_1_148' title='bbox 1055 3140 1218 3214; x_wconf 83' lang='lat' dir='ltr'>medicina</span> <span class='ocrx_word' id='word_1_149' title='bbox 1230 3196 1241 3231; x_wconf 88' lang='lat'>‚</span> <span class='ocrx_word' id='word_1_150' title='bbox 1253 3163 1290 3217; x_wconf 92' lang='lat' dir='ltr'>ut</span> <span class='ocrx_word' id='word_1_151' title='bbox 1304 3171 1374 3219; x_wconf 94' lang='lat' dir='ltr'>non</span> <span class='ocrx_word' id='word_1_152' title='bbox 1386 3172 1448 3220; x_wconf 80' lang='lat' dir='ltr'>ert·</span> 
     </span>
     <span class='ocr_line' id='line_1_22' title="bbox 483 3240 1447 3342; baseline 0.011 -23"><span class='ocrx_word' id='word_1_153' title='bbox 483 3241 646 3319; x_wconf 80' lang='lat' dir='ltr'>trinsecus</span> <span class='ocrx_word' id='word_1_154' title='bbox 670 3240 871 3328; x_wconf 87' lang='lat' dir='ltr'>uredinem,</span> <span class='ocrx_word' id='word_1_155' title='bbox 898 3240 953 3313; x_wconf 89' lang='lat' dir='ltr'>vel</span> <span class='ocrx_word' id='word_1_156' title='bbox 983 3242 1182 3317; x_wconf 81' lang='lat' dir='ltr'>vulnuscula</span> <span class='ocrx_word' id='word_1_157' title='bbox 1205 3248 1304 3342; x_wconf 82' lang='lat' dir='ltr'>ipfius</span> <span class='ocrx_word' id='word_1_158' title='bbox 1328 3278 1447 3330; x_wconf 85' lang='lat' dir='ltr'>curate</span> 
     </span>
     <span class='ocr_line' id='line_1_23' title="bbox 482 3347 1445 3452; baseline 0.008 -25"><span class='ocrx_word' id='word_1_159' title='bbox 482 3369 662 3427; x_wconf 84' lang='lat' dir='ltr'>tentemus.</span> <span class='ocrx_word' id='word_1_160' title='bbox 681 3350 769 3421; x_wconf 87' lang='lat' dir='ltr'>Nam</span> <span class='ocrx_word' id='word_1_161' title='bbox 790 3347 929 3420; x_wconf 85' lang='lat' dir='ltr'>morbus</span> <span class='ocrx_word' id='word_1_162' title='bbox 944 3348 1086 3448; x_wconf 82' lang='lat' dir='ltr'>refugiet</span> <span class='ocrx_word' id='word_1_163' title='bbox 1101 3350 1212 3441; x_wconf 88' lang='lat' dir='ltr'>intus,</span> <span class='ocrx_word' id='word_1_164' title='bbox 1231 3357 1268 3428; x_wconf 77' lang='grc' dir='ltr'>δι</span> <span class='ocrx_word' id='word_1_165' title='bbox 1288 3381 1445 3452; x_wconf 85' lang='lat' dir='ltr'>penetra·</span> 
     </span>
     <span class='ocr_line' id='line_1_24' title="bbox 483 3457 1445 3561; baseline 0.007 -26"><span class='ocrx_word' id='word_1_166' title='bbox 483 3463 536 3538; x_wconf 87' lang='lat' dir='ltr'>bit</span> <span class='ocrx_word' id='word_1_167' title='bbox 557 3459 707 3550; x_wconf 84' lang='lat' dir='ltr'>viscera,</span> <span class='ocrx_word' id='word_1_168' title='bbox 725 3483 764 3533; x_wconf 87' lang='lat' dir='ltr'>ac</span> <span class='ocrx_word' id='word_1_169' title='bbox 785 3457 972 3554; x_wconf 91' lang='lat' dir='ltr'>periculum</span> <span class='ocrx_word' id='word_1_170' title='bbox 998 3460 1122 3561; x_wconf 85' lang='lat' dir='ltr'>gignet.</span> <span class='ocrx_word' id='word_1_171' title='bbox 1142 3461 1206 3536; x_wconf 84' lang='lat' dir='ltr'>Sed</span> <span class='ocrx_word' id='word_1_172' title='bbox 1230 3466 1376 3561; x_wconf 87' lang='lat' dir='ltr'>primum</span> <span class='ocrx_word' id='word_1_173' title='bbox 1406 3477 1445 3547; x_wconf 88' lang='lat' dir='ltr'>de</span> 
     </span>
     <span class='ocr_line' id='line_1_25' title="bbox 479 3566 1445 3667; baseline 0.009 -20"><span class='ocrx_word' id='word_1_174' title='bbox 479 3570 622 3647; x_wconf 86' lang='lat' dir='ltr'>matrice</span> <span class='ocrx_word' id='word_1_175' title='bbox 637 3568 806 3644; x_wconf 86' lang='lat' dir='ltr'>tollendus</span> <span class='ocrx_word' id='word_1_176' title='bbox 824 3566 871 3641; x_wconf 87' lang='lat' dir='ltr'>est</span> <span class='ocrx_word' id='word_1_177' title='bbox 885 3567 1032 3667; x_wconf 84' lang='lat' dir='ltr'>sanguis,</span> <span class='ocrx_word' id='word_1_178' title='bbox 1046 3575 1083 3645; x_wconf 89' lang='lat'>&amp;</span> <span class='ocrx_word' id='word_1_179' title='bbox 1097 3574 1166 3646; x_wconf 85' lang='lat' dir='ltr'>acri</span> <span class='ocrx_word' id='word_1_180' title='bbox 1187 3593 1285 3649; x_wconf 82' lang='lat' dir='ltr'>aceto</span> <span class='ocrx_word' id='word_1_181' title='bbox 1300 3582 1445 3655; x_wconf 89' lang='lat' dir='ltr'>commi·</span> 
     </span>
     <span class='ocr_line' id='line_1_26' title="bbox 467 3677 1444 3783; baseline 0.012 -29"><span class='ocrx_word' id='word_1_182' title='bbox 467 3682 640 3779; x_wconf 83' lang='lat' dir='ltr'>scendus‚</span> <span class='ocrx_word' id='word_1_183' title='bbox 656 3705 695 3754; x_wconf 85' lang='lat' dir='ltr'>ac</span> <span class='ocrx_word' id='word_1_184' title='bbox 716 3696 793 3760; x_wconf 88' lang='lat' dir='ltr'>toto</span> <span class='ocrx_word' id='word_1_185' title='bbox 808 3677 1017 3754; x_wconf 86' lang='lat' dir='ltr'>inducendus</span> <span class='ocrx_word' id='word_1_186' title='bbox 1035 3682 1082 3755; x_wconf 85' lang='lat' dir='ltr'>est</span> <span class='ocrx_word' id='word_1_187' title='bbox 1096 3688 1245 3783; x_wconf 89' lang='lat' dir='ltr'>corpori.</span> <span class='ocrx_word' id='word_1_188' title='bbox 1259 3689 1376 3764; x_wconf 74' lang='lat' dir='ltr'>Postea</span> <span class='ocrx_word' id='word_1_189' title='bbox 1402 3695 1444 3767; x_wconf 90' lang='lat' dir='ltr'>de</span> 
     </span>
     <span class='ocr_line' id='line_1_27' title="bbox 484 3788 1444 3897; baseline 0.009 -29"><span class='ocrx_word' id='word_1_190' title='bbox 484 3792 621 3893; x_wconf 82' lang='lat' dir='ltr'>pelato,</span> <span class='ocrx_word' id='word_1_191' title='bbox 635 3792 693 3881; x_wconf 73' lang='grc' dir='ltr'>δι,</span> <span class='ocrx_word' id='word_1_192' title='bbox 714 3790 738 3861; x_wconf 85' lang='lat' dir='ltr'>fi</span> <span class='ocrx_word' id='word_1_193' title='bbox 761 3788 1101 3886; x_wconf 49' lang='lat' dir='ltr'>virespetmiferinm</span> <span class='ocrx_word' id='word_1_194' title='bbox 1117 3796 1158 3868; x_wconf 91' lang='lat' dir='ltr'>de</span> <span class='ocrx_word' id='word_1_195' title='bbox 1187 3802 1304 3873; x_wconf 86' lang='lat' dir='ltr'>ceteris</span> <span class='ocrx_word' id='word_1_196' title='bbox 1333 3803 1444 3897; x_wconf 87' lang='lat' dir='ltr'>locis,</span> 
     </span>
     <span class='ocr_line' id='line_1_28' title="bbox 481 3897 1443 4003; baseline 0.009 -30"><span class='ocrx_word' id='word_1_197' title='bbox 481 3917 559 4002; x_wconf 79' lang='lat' dir='ltr'>qu&#39;ae</span> <span class='ocrx_word' id='word_1_198' title='bbox 583 3901 725 3973; x_wconf 86' lang='lat' dir='ltr'>rnorbus</span> <span class='ocrx_word' id='word_1_199' title='bbox 749 3897 903 3984; x_wconf 86' lang='lat' dir='ltr'>infestat,</span> <span class='ocrx_word' id='word_1_200' title='bbox 923 3925 988 3994; x_wconf 91' lang='lat' dir='ltr'>pro</span> <span class='ocrx_word' id='word_1_201' title='bbox 1007 3900 1113 3974; x_wconf 89' lang='lat' dir='ltr'>modo</span> <span class='ocrx_word' id='word_1_202' title='bbox 1135 3929 1174 3978; x_wconf 86' lang='lat' dir='ltr'>ac</span> <span class='ocrx_word' id='word_1_203' title='bbox 1198 3925 1352 4003; x_wconf 89' lang='lat' dir='ltr'>tempore</span> <span class='ocrx_word' id='word_1_204' title='bbox 1377 3913 1443 3984; x_wconf 88' lang='lat' dir='ltr'>mi·</span> 
     </span>
     <span class='ocr_line' id='line_1_29' title="bbox 480 4008 1442 4116; baseline 0.003 -29"><span class='ocrx_word' id='word_1_205' title='bbox 480 4014 635 4088; x_wconf 90' lang='lat' dir='ltr'>nuendus</span> <span class='ocrx_word' id='word_1_206' title='bbox 655 4009 702 4082; x_wconf 87' lang='lat' dir='ltr'>est</span> <span class='ocrx_word' id='word_1_207' title='bbox 724 4008 885 4107; x_wconf 89' lang='lat' dir='ltr'>sanguis,</span> <span class='ocrx_word' id='word_1_208' title='bbox 908 4012 946 4086; x_wconf 71' lang='grc' dir='ltr'>δι</span> <span class='ocrx_word' id='word_1_209' title='bbox 965 4036 1041 4085; x_wconf 85' lang='lat' dir='ltr'>cum</span> <span class='ocrx_word' id='word_1_210' title='bbox 1062 4033 1160 4088; x_wconf 84' lang='lat' dir='ltr'>aceto</span> <span class='ocrx_word' id='word_1_211' title='bbox 1177 4012 1304 4089; x_wconf 88' lang='lat' dir='ltr'>rursum</span> <span class='ocrx_word' id='word_1_212' title='bbox 1327 4017 1442 4116; x_wconf 89' lang='lat' dir='ltr'>impo-</span> 
     </span>
     <span class='ocr_line' id='line_1_30' title="bbox 482 4118 1440 4221; baseline 0.006 -23"><span class='ocrx_word' id='word_1_213' title='bbox 482 4124 622 4198; x_wconf 90' lang='lat' dir='ltr'>nendus.</span> <span class='ocrx_word' id='word_1_214' title='bbox 646 4118 731 4192; x_wconf 86' lang='lat' dir='ltr'>Pulli</span> <span class='ocrx_word' id='word_1_215' title='bbox 752 4137 896 4194; x_wconf 87' lang='lat' dir='ltr'>autema</span> <span class='ocrx_word' id='word_1_216' title='bbox 919 4142 1024 4195; x_wconf 79' lang='lat' dir='ltr'>marte</span> <span class='ocrx_word' id='word_1_217' title='bbox 1037 4123 1162 4221; x_wconf 79' lang='lat' dir='ltr'>depulf</span> <span class='ocrx_word' id='word_1_218' title='bbox 1174 4179 1185 4216; x_wconf 89' lang='lat'><strong><em>‚</em></strong></span> <span class='ocrx_word' id='word_1_219' title='bbox 1199 4127 1236 4200; x_wconf 80' lang='grc' dir='ltr'>δι</span> <span class='ocrx_word' id='word_1_220' title='bbox 1257 4128 1298 4197; x_wconf 88' lang='lat' dir='ltr'>ad</span> <span class='ocrx_word' id='word_1_221' title='bbox 1317 4128 1440 4204; x_wconf 80' lang='lat' dir='ltr'>stabula</span> 
     </span>
     <span class='ocr_line' id='line_1_31' title="bbox 480 4230 1438 4329; baseline 0.008 -24"><span class='ocrx_word' id='word_1_222' title='bbox 480 4233 629 4329; x_wconf 85' lang='lat' dir='ltr'>religati,</span> <span class='ocrx_word' id='word_1_223' title='bbox 647 4231 815 4327; x_wconf 72' lang='lat' dir='ltr'>precipue</span> <span class='ocrx_word' id='word_1_224' title='bbox 838 4230 947 4305; x_wconf 85' lang='lat' dir='ltr'>solent</span> <span class='ocrx_word' id='word_1_225' title='bbox 959 4234 1049 4307; x_wconf 92' lang='lat' dir='ltr'>hunc</span> <span class='ocrx_word' id='word_1_226' title='bbox 1070 4233 1228 4307; x_wconf 89' lang='lat' dir='ltr'>morbum</span> <span class='ocrx_word' id='word_1_227' title='bbox 1249 4236 1438 4313; x_wconf 85' lang='lat' dir='ltr'>incurreret</span> 
     </span>
     <span class='ocr_line' id='line_1_32' title="bbox 482 4342 1437 4446; baseline 0.006 -31"><span class='ocrx_word' id='word_1_228' title='bbox 482 4346 562 4441; x_wconf 82' lang='lat' dir='ltr'>quia</span> <span class='ocrx_word' id='word_1_229' title='bbox 582 4342 723 4444; x_wconf 79' lang='lat' dir='ltr'>digestio</span> <span class='ocrx_word' id='word_1_230' title='bbox 748 4342 816 4419; x_wconf 88' lang='lat' dir='ltr'>cibi</span> <span class='ocrx_word' id='word_1_231' title='bbox 826 4396 839 4439; x_wconf 87' lang='lat'><strong><em>,</em></strong></span> <span class='ocrx_word' id='word_1_232' title='bbox 858 4368 925 4444; x_wconf 88' lang='lat' dir='ltr'>qua</span> <span class='ocrx_word' id='word_1_233' title='bbox 945 4342 981 4420; x_wconf 93' lang='lat' dir='ltr'>in</span> <span class='ocrx_word' id='word_1_234' title='bbox 1001 4343 1131 4443; x_wconf 84' lang='lat' dir='ltr'>pascuis</span> <span class='ocrx_word' id='word_1_235' title='bbox 1152 4344 1354 4442; x_wconf 86' lang='lat' dir='ltr'>utebantur,</span> <span class='ocrx_word' id='word_1_236' title='bbox 1368 4347 1437 4446; x_wconf 89' lang='lat' dir='ltr'>pri·</span> 
     </span>
    </p>
   </div>
   <div class='ocr_carea' id='block_1_4' title="bbox 0 0 1942 5759">
    <p class='ocr_par' dir='ltr' id='par_1_5' title="bbox 0 0 1942 5759">
     <span class='ocr_line' id='line_1_33' title="bbox 0 0 1942 5759; baseline 0 2"><span class='ocrx_word' id='word_1_237' title='bbox 0 0 1942 5759; x_wconf 95' lang='lat' dir='ltr'> </span> 
     </span>
    </p>
   </div>
  </div>
 </body>
</html>
