3875 5759
580 963 719 1034 unu.
751 962 803 1034 ιι,
837 913 1296 1036 innuamus.
1397 983 1444 1062 ς,
1494 986 1531 1074 j

481 1122 643 1219 quadrata
659 1117 823 1218 jugerali,
840 1122 976 1195 centeni
995 1122 1154 1221 odiogeni
1174 1125 1276 1218 pedes
1295 1148 1357 1218 per
1376 1123 1446 1206 sin·

482 1233 559 1326 gula
585 1232 689 1302 latera
708 1228 917 1325 dirigantur,
930 1231 991 1328 qui
1012 1230 1062 1325 [in
1080 1231 1126 1324 se]
1146 1231 1359 1333 multiplicari
1379 1253 1449 1303 tre·

481 1361 599 1416 tentas
631 1340 905 1436 vigintiquatuor
931 1342 1150 1437 decempedas
1176 1342 1354 1438 quadratas
1387 1366 1449 1437 per

480 1450 624 1545 spurium
652 1472 759 1521 omne
784 1450 1017 1546 complebunt.
1056 1452 1241 1524 secundum
1268 1453 1361 1523 bunc
1383 1478 1450 1521 nu-

481 1584 615 1632 merum
640 1557 780 1645 omnia,
802 1584 879 1655 quae
902 1559 1062 1655 volueris·
1076 1559 1263 1654 pallium,
1283 1559 1450 1633 discuties.

481 1669 616 1742 Decem
636 1668 677 1740 dc
699 1668 780 1740 060
794 1670 885 1740 enirn
907 1670 1142 1765 decempeda,
1156 1668 1268 1741 decies
1286 1669 1324 1740 dt
1344 1667 1450 1738 odies

480 1764 1354 1877 supputate,trecentasvigintiquatuorexplebunr.
1365 1780 1452 1867 Quo

481 1888 645 1983 exemplo
661 1888 839 1962 doceberis
851 1890 888 1962 in
900 1888 1033 1982 majore
1044 1912 1129 1985 agro
1143 1886 1199 1962 vel
1214 1887 1348 1957 minore
1358 1909 1453 1982 nten-

483 1997 608 2072 surarn.
757 2051 774 2064 .,
1418 2053 1428 2066 .

507 2139 509 2146 ·
531 2106 628 2178 ΧΙΙΙ.
642 2104 708 2177 Sed
728 2104 837 2176 solum
857 2101 968 2176 vineis
988 2099 1156 2199 ponendis
1175 2124 1240 2172 nec
1260 2098 1391 2193 spissum
1412 2097 1454 2171 fit

485 2212 608 2299 ninas,
624 2238 685 2287 nec
698 2212 884 2285 resolutum
897 2237 910 2298 ;
923 2211 1065 2308 propius
1078 2231 1191 2283 tamen
1201 2207 1351 2280 resoluto
1364 2234 1375 2279 ε
1388 2229 1454 2280 nec

484 2322 596 2408 exile,
609 2348 675 2398 nec
693 2322 893 2394 lenissimum
906 2346 918 2406 ;
933 2340 1047 2392 tamen
1060 2318 1142 2390 laeto
1155 2315 1351 2412 proximum
1365 2344 1374 2387 :
1388 2340 1454 2389 nec

484 2432 687 2526 campestre,
704 2457 768 2505 nec
787 2455 959 2525 praeceps3
975 2430 1032 2502 sed
1052 2428 1170 2525 potius
1189 2426 1284 2499 edito
1305 2450 1451 2520 campo:

484 2561 549 2615 uec
570 2539 724 2628 siccum,
741 2566 804 2614 nec
823 2539 1055 2638 uliginosum
1071 2537 1210 2611 modice
1230 2558 1344 2610 tamen
1367 2535 1454 2609 rofi·

483 2652 564 2724 dum
579 2674 670 2722 :nec
688 2649 829 2739 salsum,
843 2675 908 2723 nec
919 2675 1091 2751 arnnrrrutn²
1106 2650 1205 2746 quod
1217 2648 1339 2723 vitium
1353 2648 1455 2743 sapo·

483 2786 521 2854 re
533 2774 709 2851 corrupto
728 2758 811 2829 vina
826 2758 1015 2834 contristat.
1025 2758 1162 2830 Coelunr
1177 2754 1356 2827 mediocris
1370 2777 1456 2848 qua-

484 2866 616 2959 litatis,
630 2860 784 2953 tepidum
800 2881 922 2936 tamen.
933 2863 1059 2957 magis,
1071 2890 1173 2961 quarn
1194 2860 1371 2959 frigidum3
1389 2860 1454 2933 fic·

487 2995 569 3048 crim
584 2966 720 3061 potius,
736 2990 837 3061 quarn
852 2966 952 3040 nimis
962 2969 1156 3044 imbridum.
1168 2970 1233 3043 Sed
1247 2988 1323 3041 ante
1336 2968 1455 3043 omnia

489 3076 575 3149 vitis
589 3073 759 3169 procellas
770 3076 958 3172 ventosque
968 3076 1143 3154 formidat.
1153 3080 1208 3152 Ad
1220 3078 1455 3175 pastinandum

486 3186 591 3267 sudes
610 3206 710 3279 agros
728 3184 845 3278 potius
860 3185 1043 3283 eligamus,
1053 3189 1111 3262 vel
1122 3188 1268 3260 maxime
1281 3188 1456 3264 silveslres.

487 3296 609 3389 ultima
623 3292 781 3366 conditio
802 3294 850 3366 est
870 3295 944 3388 ejus
967 3296 1059 3385 loci,
1083 3296 1120 3367 in
1143 3321 1216 3393 quo
1237 3296 1373 3369 suerunt
1391 3322 1456 3369 ve-

488 3405 573 3477 rusla
591 3402 717 3475 vineta.
729 3402 840 3494 Quod
853 3402 877 3473 fi
890 3404 1066 3477 neceffitas
1077 3404 1248 3501 coegerit,
1262 3395 1358 3499 prius¹
1367 3404 1458 3476 rnul-

488 3515 531 3587 tis
542 3512 753 3585 arationibus
760 3531 976 3601 exerceatur,
988 3533 1026 3585 ut
1038 3514 1174 3588 abolitis
1182 3516 1350 3589 radicibus
1363 3514 1458 3611 prio·

490 3622 535 3694 ris
554 3622 687 3708 vineae,
698 3622 741 3694 dc
762 3620 859 3693 omni
874 3645 990 3696 earum
1008 3627 1149 3699 carie&
1164 3623 1317 3719 squalore
1335 3624 1459 3720 depul-

490 3730 549 3819 so,
562 3729 704 3803 novella
718 3726 800 3802 viris
814 3728 919 3818 tutius
939 3734 1040 3824 poffit
1055 3730 1184 3804 induci.
1204 3731 1316 3805 Tofus
1336 3735 1374 3805 δι
1391 3731 1455 3804 alia

492 3837 652 3926 duriora,
663 3837 724 3910 ubi
738 3837 816 3934 gelu
833 3838 1078 3914 relaxantur&
1098 3839 1250 3929 solibus,
1269 3838 1458 3935 pulcherri-

491 3970 560 4019 mas
581 3947 698 4019 vineas
715 3945 850 4035 ferunt„
862 3944 1066 4041 refrigeratis
1084 3948 1194 4020 assate
1214 3946 1457 4030 radicibus,&

491 4056 635 4132 humore
656 4058 810 4132 detento.
830 4057 894 4129 Sed
915 4058 954 4128 δι
976 4056 1085 4129 soluta
1105 4057 1233 4153 glarea,
1247 4061 1286 4131 δι
1303 4052 1457 4128 calculo·

476 4165 543 4242 rsus
557 4192 656 4264 ager,
671 4171 712 4240 δι
734 4165 878 4252 innobiles
898 4166 1025 4260 lapides
1047 4164 1091 4264 (si
1114 4187 1226 4240 tamen
1246 4168 1317 4237 haec
1338 4165 1454 4240 omnia

490 4274 598 4371 glebis
613 4273 647 4345 se
660 4273 844 4368 pinguibus
855 4272 1033 4371 miscuere)
1055 4277 1093 4347 δι
1106 4272 1186 4344 silex
1197 4324 1209 4358 ,
1222 4273 1277 4342 cui
1297 4288 1384 4343 terra
1399 4271 1458 4346 su·'

490 4381 660 4482 perpoffla
679 4378 842 4479 est,qui'2
862 4378 1002 4480 fiigidus
1025 4381 1073 4456 est
1092 4383 1132 4458 bc
1152 4378 1306 4455 humoris
1325 4397 1451 4479 tenax,
