3875 5759
514 892 1418 1027 ι9εΡΑἰιΑυιικυτιιιι

560 1112 638 1162 men
664 1085 845 1160 lacrimare.
872 1084 1063 1160 Inseritur
1053 1113 1088 1162 1n
1108 1086 1162 1178 se,
1176 1089 1215 1164 &
1239 1090 1404 1165 Perfrcum
1422 1092 1513 1169 reci·
1586 1115 1592 1130 ·

558 1196 630 1294 pit,
650 1195 706 1269 vel
719 1192 958 1290 amygdalum
970 1194 1025 1269 vel
1044 1194 1189 1286 malum,
1206 1196 1263 1270 sed
1276 1221 1348 1272 eam
1370 1199 1513 1297 degene-

559 1327 631 1377 rem
650 1300 809 1375 reddit&
830 1325 979 1397 parvam.
1000 1304 1109 1374 Pruna
1126 1303 1322 1377 siccantur
1313 1334 1349 1379 rn
1369 1306 1438 1381 sole
1453 1333 1512 1405 per

558 1429 664 1487 crates
687 1409 767 1481 loco
784 1407 924 1484 ficciorc
944 1408 1110 1507 disposrta.
1128 1412 1209 1485 Haec
1232 1411 1327 1504 funt,
1340 1440 1416 1512 quae
1435 1417 1509 1490 Da·

555 1519 710 1597 mascena
729 1514 893 1593 dicuntur.
915 1518 983 1591 Alii
1005 1519 1040 1591 in
1062 1543 1146 1618 aqua
1169 1521 1321 1613 marina,
1348 1526 1405 1598 vel
1433 1527 1510 1621 [in]

555 1631 664 1707 muria
684 1631 835 1707 fervente
853 1655 970 1706 recens
993 1631 1076 1705 lesia
1098 1656 1204 1729 pruna
1228 1635 1447 1734 demergunt,
1472 1639 1512 1711 δι

555 1743 635 1817 inde
654 1741 803 1832 sublata,
825 1766 884 1817 aut
907 1741 942 1829 in
961 1740 1065 1816 furno
1082 1740 1198 1838 tepido
1218 1740 1369 1833 faciunt,
1392 1764 1447 1818 aut
1474 1748 1511 1819 in

411 1839 416 1852 ¹
556 1849 627 1929 stile
647 1852 772 1931 siccari.
785 1850 945 1926 Castanea
960 1851 1077 1925 feritur
1096 1855 1133 1927 δι
1146 1852 1288 1950 plantis,
1301 1879 1377 1952 quae
1391 1855 1511 1952 sponte

556 1966 760 2056 nascuntur,
774 1964 812 2037 δι
832 1961 966 2037 femine.
989 1961 1045 2036 sed
1066 1988 1142 2062 quae
1163 1962 1282 2062 plantis
1306 1963 1444 2054 seritur,
1464 1966 1511 2041 ita

356 2095 358 2104 '
387 2109 391 2134 r
418 2144 420 2149 .
555 2103 642 2173 aegra
657 2077 726 2166 est,
747 2092 784 2147 ut
805 2074 946 2150 biennio
969 2077 1010 2149 de
1037 2067 1107 2171 cjul
1127 2075 1199 2150 vita
1222 2074 1307 2174 faepe
1329 2076 1509 2152 dubitetur.

554 2188 699 2263 Serenda
718 2183 765 2256 esi
786 2207 868 2281 crgo
884 2184 963 2280 ipsis
975 2184 1160 2275 castaneis,
1180 2183 1247 2261 hoc
1267 2186 1313 2260 est
1328 2186 1509 2287 seminibus
1598 2173 1603 2184 ⁸

553 2297 639 2384 suis,
655 2292 767 2367 mense
779 2295 971 2366 Novembri
987 2299 1024 2368 δι
1043 2295 1248 2387 Decembri,
1261 2296 1341 2370 irem
1364 2298 1509 2371 februa·

553 2404 621 2479 rio.
644 2400 813 2499 Eligendae
835 2398 911 2472 funt
930 2400 1090 2473 castaneae
1108 2401 1150 2472 ad
1173 2403 1367 2498 ponendum
1387 2429 1507 2477 recen·

552 2533 622 2602 tes,
638 2510 797 2611 grandes,
815 2525 976 2586 mature:
994 2535 1077 2611 quas
1089 2509 1112 2582 fi
1124 2511 1316 2585 Novembri
1331 2515 1441 2588 mense
1457 2517 1510 2587 fe··

551 2648 687 2711 ramus,
708 2618 838 2696 facilem
861 2618 894 2692 se
913 2619 1086 2717 praesentia
1104 2617 1229 2696 fruslus
1246 2620 1346 2717 ipsius
1367 2623 1508 2719 praeslat.

551 2733 587 2805 Si
607 2756 694 2804 uero
706 2726 888 2803 Februario
904 2750 1087 2825 ponamus,
1101 2746 1138 2800 ut
1158 2729 1259 2828 usque
1272 2747 1352 2803 tunc
1366 2731 1508 2822 durent,

551 2842 600 2916 ita
617 2839 808 2914 faciendum
825 2836 894 2912 eli·
908 2841 945 2910 ln
961 2827 1079 2912 umbra
1094 2838 1253 2913 castaneae
1270 2837 1433 2914 siccentur
1445 2868 1505 2914 ex·

550 2949 684 3049 pansae:
701 2965 789 3020 tunc
801 2947 836 3018 in
842 2946 1022 3052 angustum
1040 2950 1076 3021 ὃ(
1093 2947 1216 3022 frccum
1236 2947 1351 3023 locum
1369 2952 1506 3025 transla-

550 3074 596 3127 tae
615 3050 788 3125 cumulum
803 3029 952 3137 faciunt,
966 3054 1004 3122 δι
1024 3076 1078 3123 eas
1099 3046 1217 3125 dmnes
1237 3051 1385 3129 fluvialis
1406 3083 1506 3130 arena

547 3159 728 3255 diligenter
747 3156 888 3251 operiat
908 3156 983 3250 post
998 3155 1067 3227 dies
1086 3179 1171 3230 xxx
1186 3185 1240 3232 eas
1257 3187 1387 3239 remota
1406 3194 1502 3242 arena

549 3265 728 3361 inaquam
754 3259 906 3359 frigidam
932 3259 1048 3335 mittis.
1073 3288 1150 3360 quae
1175 3264 1261 3338 sanae
1284 3268 1385 3362 funt,
1413 3300 1503 3346 mer·

550 3383 703 3475 guntur:
728 3371 917 3467 supernatat
947 3395 1158 3472 quacunque
1185 3399 1306 3452 vexata
1337 3326 1430 3456 esi.
1420 3405 1501 3458 rtem

547 3505 631 3581 quas
652 3476 985 3576 probasti,f1militer
1006 3482 1151 3572 obrues‚
1174 3486 1211 3560 &
1229 3485 1302 3583 poss
1324 3510 1408 3562 xxx
1433 3491 1502 3567 dies

548 3613 657 3712 acque
666 3586 800 3681 probas.
813 3588 884 3661 hoc
905 3613 981 3662 cum
996 3589 1097 3663 tertio
1112 3590 1231 3664 feceris
1243 3594 1370 3692 ‚usque
1384 3599 1425 3670 ad
1440 3625 1501 3672 ve

546 3698 594 3771 ris
612 3694 769 3783 initium,
788 3693 893 3767 serere
913 3696 1071 3786 debebis,
1091 3723 1167 3795 quae
1189 3699 1366 3775 manserint
1392 3695 1499 3776 illiba·

545 3825 601 3880 tae.
615 3802 730 3900 Aliqui
745 3803 782 3876 in
803 3800 946 3876 vasculis
965 3801 1119 3896 servant,
1139 3828 1237 3877 arena
1258 3809 1380 3902 pariter
1398 3811 1500 3885 missa.

469 3931 473 3940 ’
546 3918 670 3987 Amant
688 3912 795 3985 folum
810 3912 914 3985 molle
934 3911 1148 4004 desolutum,
1164 3936 1359 3990 nontamen
1378 3945 1499 3991 areno-

546 4020 658 4096 sum(
649 4046 685 4092 rn
704 4019 865 4092 sabulone
886 4020 1115 4115 proveniunt,
1131 3969 1185 4095 sed
1207 4026 1388 4099 homello·
1379 4028 1498 4125 migra

546 4149 633 4204 terra
654 4131 719 4204 illis
739 4149 814 4227 apta
838 4129 905 4220 esi,
928 4132 966 4203 δι
986 4131 1226 4221 carbunculus,
1243 4139 1279 4209 δι
1306 4135 1396 4209 tofus
1420 4139 1498 4211 dili-

545 4261 661 4333 genter
682 4239 887 4311 infradiusz‘
878 4264 913 4310 tn
934 4223 1033 4335 spillo
1047 4263 1127 4337 agro
1142 4245 1179 4315 δι
1193 4242 1378 4317 rubrica
1346 4274 1401 4319 vrx
1419 4275 1498 4343 pro-

547 4348 666 4419 venit:
688 4345 858 4445 inarg'rlla
877 4347 1057 4445 &glarea,
1072 4372 1141 4422 non
1158 4351 1266 4447 potest
1286 4354 1399 4429 nasci:
1417 4356 1495 4428 dili·
