3875 5759
539 896 641 970 tin.
661 896 743 969 ut
779 880 855 968 aa
881 893 905 966 n
931 882 1079 969 nun
1106 893 1138 970 n
1163 891 1295 976 tus.
1362 845 1416 998 97¹

446 1052 870 1154 crassitudinedigitorum
901 1054 1058 1129 duorum.
1085 1038 1208 1151 plantis
1239 1075 1349 1130 tamen
1375 1061 1416 1136 δε

388 1187 391 1196 ·
445 1167 565 1240 sobole
589 1184 749 1261 expertus
767 1162 837 1237 sum
858 1163 978 1237 melius
998 1165 1194 1261 provenire.
1217 1166 1329 1241 mense
1354 1172 1417 1243 Fe·

379 1316 410 1375 s
444 1278 586 1355 bruario
613 1276 669 1353 seu
688 1275 802 1374 planta
824 1277 880 1349 seu
903 1276 1015 1359 semen
1046 1277 1244 1374 exponitur.
1270 1280 1416 1379 gaudent

355 1399 358 1404 '
445 1391 531 1464 loco
552 1412 690 1477 macro,
711 1387 878 1475 humido,
897 1386 1025 1486 frigido
1048 1390 1087 1464 δι
1112 1388 1280 1465 sabuloso.
1302 1389 1416 1466 mense
1501 1419 1504 1423 ’

445 1499 534 1573 lulio
550 1500 639 1574 circa
656 1500 774 1572 Nonas
787 1496 942 1570 avellana
957 1517 1087 1574 matura
1100 1497 1147 1571 est
1161 1524 1170 1571 ε
1184 1498 1288 1592 [locis
1300 1520 1415 1574 tamen

445 1609 584 1703 calidis]
601 1607 706 1684 Nunc
723 1604 879 1682 lenintur
898 1634 1004 1708 myrta
1022 1635 1065 1682 ex
1090 1608 1220 1683 nucleis
1243 1608 1279 1681 in
1294 1610 1414 1709 aliquo
1455 1627 1458 1638 ’

444 1718 521 1790 vale
535 1718 651 1815 positis
661 1718 794 1809 ‚donec
810 1718 933 1811 plantae
947 1716 1089 1791 induant
1102 1712 1319 1809 firmitatem,
1335 1744 1414 1794 coe·

443 1822 481 1896 lo
502 1823 643 1921 tepido,
664 1844 754 1896 terra
776 1821 908 1907 soluta,
930 1823 1077 1893 humore
1101 1824 1291 1896 moderato.
1320 1827 1414 1900 Inse-

440 1954 563 2006 runtur
583 1931 697 2006 mense
711 1928 840 2001 Martio
855 1924 963 1996 sorbis
984 1926 1039 1997 vel
1052 1925 1174 2022 ¹spinis.
1187 1928 1299 2002 Etiam
1312 1931 1413 2009 'nunc

442 2042 576 2113 tuberes
598 2041 754 2126 seruntur
773 2038 811 2108 δι
832 2031 1044 2124 inseruntur,
1069 2037 1110 2115 ὅ(
1131 2037 1200 2110 olla
1227 2040 1413 2130 duracino·

441 2176 531 2235 rum,
544 2150 732 2243 velplantae
745 2143 889 2239 ejusdem
904 2144 1037 2241 generis
1050 2166 1240 2242 ponuntur,
1253 2151 1291 2224 δι
1303 2135 1413 2226 trans'·

442 2256 616 2357 feruntur,
632 2258 669 2328 lle
693 2254 794 2328 inseri
815 2254 972 2351 poliunt:
990 2256 1028 2329 δι
1048 2255 1205 2356 mespilus
1224 2259 1411 2353 inseretur,

430 2375 480 2446 ⁸&
510 2370 578 2443 olla
603 2357 810 2468 [ponentur]
838 2393 1040 2466 prunorum.
1067 2372 1166 2446 Ficus
1196 2376 1295 2448 etiam
1322 2377 1410 2452 locis

440 2481 633 2576 temperatis
650 2505 742 2553 nunc
758 2479 844 2576 poni
866 2478 999 2576 potest,
1018 2481 1055 2554 δι
1077 2481 1196 2553 sorbus
1217 2483 1286 2555 hoc
1307 2485 1410 2557 etiam

441 2590 553 2662 mense
573 2588 657 2678 leri,
675 2588 901 2685 &amygdali
925 2586 1051 2659 semina
1072 2588 1108 2659 in
1126 2588 1211 2660 areis
1230 2591 1353 2681 obrui,
1371 2597 1411 2670 δι

441 2700 528 2773 locis
539 2699 733 2796 temperatis
752 2721 844 2768 nunc
858 2694 957 2765 inseri
973 2694 1084 2764 mense
1099 2695 1304 2786 inchoante,
1316 2698 1412 2796 frigi,-

441 2808 493 2879 dis
508 2831 594 2877 vero
608 2822 777 2891 exeunte,
791 2799 940 2871 conditis
953 2816 1063 2868 tamen
1080 2798 1218 2870 surculis
1231 2821 1413 2906 antequam

442 2912 643 3011 germinent.
668 2912 710 2978 Et
732 2904 877 3002 pistaciae
898 2904 1013 2999 planta
1037 2905 1093 2976 vel
1116 2931 1210 2980 nunc
1231 2905 1329 2984 statui
1352 2932 1413 2989 aut

443 3017 545 3091 inseri
566 3013 695 3113 potest,
712 3014 997 3089 &castanearum
1019 3012 1144 3087 semina
1158 3013 1276 3115 spargi.
1295 3021 1412 3098 Nuces

380 3149 382 3153 ’
441 3151 581 3223 quoque
605 3124 778 3222 juglandes
798 3121 1015 3197 etiamnunc
1038 3122 1223 3199 seminariis
1247 3123 1410 3226 recondi,

440 3242 479 3314 δι
497 3234 605 3333 ipsum
624 3229 728 3333 genus
744 3232 865 3323 inseri,
878 3234 915 3307 dt
935 3232 1067 3332 frigidis
1086 3235 1302 3314 &humectis
1321 3243 1409 3320 locis

440 3371 534 3421 nunc
553 3363 716 3441 poterunt
734 3343 847 3439 pineta
865 3343 1030 3417 seminari.

489 3459 621 3532 XXVl.
638 3457 742 3528 Nunc
757 3477 873 3526 verres
887 3450 1033 3530 maxime
1050 3448 1190 3530 seminas
1204 3456 1289 3532 inire
1304 3460 1410 3535 debe&
1434 3459 1438 3474 '

441 3569 537 3641 bunt.
560 3563 707 3660 Legendi
723 3562 798 3634 sunt
813 3561 898 3633 valli
915 3566 953 3635 dt
965 3533 1068 3658 ainpli
1084 3569 1332 3669 corporis,xsed
1347 3594 1409 3654 ro·j

441 3676 539 3750 tundi
559 3677 796 3771 potiusquam
816 3671 934 3794 longi,
956 3676 1136 3750 ventre&
1157 3678 1312 3754 clunibus
1334 3709 1410 3755 ma.

386 3848 391 3863 ,
442 3787 537 3884 gnis,
556 3783 667 3856 rollro
683 3782 803 3870 brevi,
820 3780 957 3853 cervice
978 3782 1144 3878 glandulis
1163 3786 1273 3882 spilla,
1292 3790 1409 3863 libidi-
1450 3853 1457 3864 .

442 3896 539 3984 noli,
555 3892 728 3978 anniculi,
742 3892 801 3988 qui
818 3891 923 3988 usque
941 3892 984 3963 ad
1000 3896 1197 3987 quadrimus
1212 3898 1296 3970 inire
1310 3899 1408 3978 ferni·
1463 3961 1466 3972 ,

428 4023 503 4079 ‘nas
528 4004 675 4101 poliunt.
702 3999 837 4075 Scrofas
870 4025 957 4078 vero
985 3999 1079 4101 longi
1105 4004 1217 4079 lateris
1247 4008 1407 4086 debemus

444 4115 585 4210 eligere,
598 4118 636 4187 δι
648 4110 770 4207 quibus
784 4112 825 4182 ad
839 4110 1065 4186 sustinendum
1081 4113 1218 4188 foeturae
1230 4139 1318 4189 onus
1332 4145 1406 4194 ma·

445 4247 530 4319 gnus
545 4221 575 4292 se
590 4241 706 4292 venter
719 4217 890 4309 effundat,
904 4239 1014 4294 cetera
1029 4224 1184 4295 verribus
1198 4222 1328 4307 similes.
1340 4228 1405 4314 Sed

443 4333 478 4405 in
495 4323 689 4427 'regionibus
710 4330 839 4426 frigidis
857 4330 947 4401 densi
966 4333 1004 4406 δι
1025 4329 1113 4431 nigri
1134 4330 1218 4429 pili,
1233 4329 1269 4402 in
1283 4335 1403 4431 tepidis

461 4443 919 4535 ,respectum-Volant
1020 4446 1088 4520 [Ὗ
1225 4442 1260 4513 G
