3875 5759
613 859 746 993 Atttts
770 919 985 993 VETERIN.
1010 916 1107 989 SIVE
1134 916 1319 990 MULOM.
1370 940 1439 1014 357

399 1112 403 1119 ·
486 1084 587 1159 nitur.
601 1083 739 1156 Subtriti
760 1083 858 1157 etiam
873 1082 973 1179 pedes
992 1082 1149 1167 eluuntur
1160 1080 1317 1153 catenata
1332 1081 1441 1153 bubu-

484 1194 555 1266 lina
577 1194 683 1267 urina.
705 1193 838 1267 Deinde
860 1192 1009 1264 favillam
1037 1190 1281 1262 sarmentorum
1305 1190 1441 1265 servem·
1510 1182 1523 1256 J

484 1316 552 1372 tem
574 1301 700 1374 calcare
722 1300 960 1395 compellitur,
974 1303 1011 1373 δι
1025 1299 1099 1394 pice
1121 1297 1246 1398 liquida
1267 1323 1342 1371 cum
1358 1298 1440 1369 oleo

482 1407 540 1481 vel
565 1407 706 1504 axungia
734 1431 863 1480 cornua
885 1406 957 1498 ejus
971 1425 1165 1505 unguntur.
1189 1406 1315 1477 Minus>
1329 1424 1441 1476 tamen

485 1514 736 1601 claudicant,s1
757 1514 799 1585 ab
822 1539 927 1609 opere
942 1512 1112 1607 disjunctis
1137 1511 1254 1609 frigida
1274 1514 1374 1607 pedes
1393 1513 1447 1584 la·.
1533 1582 1535 1586 ,
1581 1581 1583 1586 ,

484 1631 629 1710 ventur,
643 1622 681 1695 &
701 1620 893 1719 suffragines
910 1642 1117 1715 coronaque
1138 1644 1177 1691 ac
1192 1619 1325 1713 scissura
1341 1619 1444 1715 ipsius

483 1731 642 1828 ungula,
670 1734 780 1808 veteri
812 1718 956 1828 axungia
990 1729 1206 1802 defricentur.
1237 1734 1442 1826 Frequenter

482 1844 583 1913 etiam
605 1842 660 1915 vel
681 1843 723 1915 ab
735 1842 910 1939 asperitate
924 1838 1076 1924 itineris,
1091 1838 1146 1908 vel
1161 1837 1204 1924 in¹
1219 1839 1442 1933 proscinden-

472 1950 529 2021 .do
551 1950 710 2023 duritiam
729 1950 813 2036 soli,
826 1968 882 2018 aut
896 1946 1011 2017 obviis
1031 1944 1199 2018 radicibus
1220 1946 1443 2019 obvolutatus

481 2062 650 2133 convellit
663 2082 786 2130 armos.
811 2057 997 2154 quodcum
1016 2046 1194 2143 acciderit,
1210 2079 1253 2126 ex
1270 2052 1440 2150 prioribus

482 2169 638 2241 cruribus
650 2160 783 2263 sanguis
797 2163 983 2260 emittitur,¹
992 2166 1016 2237 st
1026 2165 1176 2236 dextram
1187 2188 1229 2237 ex
1242 2162 1383 2236 sinistro.
1397 2167 1440 2238 Et

481 2272 506 2343 fi
527 2273 762 2346 vehementius
771 2288 946 2369 utramque
965 2271 1272 2363 vi,tiaverit‚.et'iarn
1285 2272 1322 2344 in
1344 2273 1456 2348 ante·'

473 2382 629 2464 ¹rioribus
649 2385 802 2457 cruribus
819 2410 916 2457 venae
936 2384 1128 2459 solvuntur.
1153 2384 1325 2457 Persratiis
1351 2410 1439 2458 vern

480 2492 644 2565 cornibus
658 2546 669 2581 ,
683 2480 852 2583 linteola,
872 2493 959 2580 sale,
978 2516 1078 2591 atque
1093 2515 1191 2567 aceto
1213 2500 1251 2567 δι
1270 2495 1351 2566 oleo
1376 2495 1439 2567 im·-

481 2599 563 2673 buta
581 2621 774 2706 ponuntpr‚
791 2603 1060 2697 superligatisque
1075 2628 1136 2697 per
1156 2602 1302 2675 triduum
1322 2605 1438 2678 eadent

480 2708 717 2787 infunduntur.
738 2716 870 2805 Quarta
889 2705 943 2784 die
961 2731 1091 2803 tantum
1109 2713 1252 2810 'axungia
1266 2707 1345 2787 cum
1363 2715 1439 2812 pice
1511 2708 1514 2716 ’

480 2815 573 2887 arida
597 2822 633 2891 ὃ(
656 2818 786 2895 cortice
805 2818 877 2913 pini
901 2818 972 2913 pari
996 2818 1146 2913 pondere
1164 2818 1382 2916 «imponitur,
1399 2825 1439 2898 δι

480 2923 523 2995 ad
535 2924 710 3014 ultimum,
724 2953 804 3001 cum
816 2926 881 3021 jam
898 2928 1087 3001 cicatricem
1103 2930 1311 3025 producunt,
1328 2929 1441 3005 subito

481 3030 667 3106 infricatur.
693 3035 810 3108 Solent
836 3055 946 3109 autem
979 3037 1126 3135 negledia
1158 3027 1274 3112 ulcera
1306 3065 1438 3116 vermes
1467 3041 1470 3056 ⁴

481 3166 613 3215 creare:
624 3169 717 3241 quae,
730 3146 754 3217 st
770 3167 867 3219 mane
881 3171 924 3219 ex
941 3171 1026 3243 aqua
1042 3144 1163 3244 frigida
1177 3146 1437 3243 perfundantur,

480 3251 596 3349 rigore
612 3252 682 3347 eius
701 3255 884 3348 contradi,
897 3256 1073 3342 decidunt;
1088 3257 1144 3328 vel
1158 3256 1182 3327 si
1195 3258 1267 3331 baec
1285 3258 1371 3331 ratio
1383 3260 1438 3333 nt»

480 3362 530 3435 hil
548 3366 757 3459 profecerit‚·
768 3368 972 3444 marrubium
987 3387 1050 3440 aut·
1066 3391 1206 3463 porrum
1228 3370 1437 3461 conteritur,

430 3473 433 3479 '
481 3470 634 3544 admixto
655 3473 720 3547 sale
732 3473 946 3568 imponitur,
971 3467 1029 3546 vel
1043 3465 1144 3548 calcis¹
1157 3474 1247 3549 vivae
1260 3474 1373 3571 pulvis
1387 3477 1439 3548 i'n·

481 3576 662 3674 spergitur,
683 3600 740 3654 aut
755 3580 939 3654 cucubirae
960 3580 1081 3654 viridis
1098 3584 1214 3658 succus
1240 3609 1318 3658 cum
1340 3605 1438 3660 aceto

480 3683 637 3761 mittitur..
656 3689 807 3789 Ideoque·
820 3688 985 3763 univerfis
1003 3690 1174 3783 ulceribus
1196 3692 1306 3789 picem
1334 3694 1438 3791 siqui·

481 3794 578 3884 dam,
592 3797 706 3872 oleum
727 3818 826 3874 vetus
839 3801 879 3873 δι
899 3800 1077 3897 axungiam
1105 3817 1245 3897 oportet
1263 3801 1414 3874 adhiberi
1424 3854 1441 3900 ,

481 3905 518 3976 δι
529 3922 622 3976 extra
635 3906 775 3980 vulnera
788 3906 888 3999 etiarn
902 3908 1023 3981 eodem
1036 3909 1281 3983 medicamento
1297 3909 1440 3985 circum·

481 4012 594 4104 tiniri,
609 4040 651 4087 ne
672 4015 869 4089 infestentur
882 4042 900 4088 a
913 4015 1053 4106 muscis,
1070 4018 1127 4089 vei
1150 4043 1284 4091 vermes
1300 4037 1441 4109 creent,

483 4142 560 4190 cum
584 4124 782 4198 vulneribus
803 4124 994 4198 inciderint.
1010 4125 1179 4222 Serpentis
1198 4150 1338 4224 quoque
1355 4126 1440 4210 istus

485 4227 679 4314 mortiferus
697 4233 744 4303 ess
765 4233 896 4321 bobus,
916 4232 971 4305 sed
992 4237 1030 4307 δι
1047 4234 1222 4309 minorum
1243 4236 1439 4311 animalium

484 4335 629 4409 noxium
641 4340 749 4417 uirus.
771 4368 848 4417 nam
864 4342 982 4439 vipera
1000 4346 1039 4419 δι
1061 4345 1223 4433 Caec‘dia‚
1238 4369 1315 4418 cum
1332 4344 1442 4449 ἱερᾶς
