3875 5759
527 861 627 955 ,με
725 848 1370 953 vestrumsttt

551 1020 673 1120 ‚phuris
685 1017 760 1092 vivi
778 1017 893 1091 uncias
910 1035 999 1106 tres,
1016 1015 1098 1111 picis
1118 1014 1253 1111 liquidae
1267 1014 1425 1113 cyathos
1442 1031 1529 1106 tres,

492 1116 495 1121 ⁵
555 1131 674 1205 omnia
692 1145 829 1204 contere
850 1128 887 1199 δε
907 1128 1084 1222 decoque,
1105 1127 1142 1198 δε
1166 1125 1199 1196 in
1224 1124 1293 1196 sole
1318 1123 1441 1197 calido
1462 1125 1529 1198 ani·

555 1241 625 1316 mal
650 1239 748 1311 semel
768 1237 803 1308 in
825 1237 878 1307 die
898 1258 1055 1333 perunge.
1075 1234 1251 1307 Bituminis
1273 1236 1402 1329 pondo
1429 1228 1503 1309 duo
1515 1289 1528 1326 ,

454 1366 458 1373 '
556 1348 726 1444 sulphuris
743 1345 819 1417 vivi
833 1345 1005 1438 selibram,
1023 1369 1109 1419 cetae
1128 1345 1268 1435 libram,
1283 1368 1428 1418 mannae
1449 1348 1529 1421 tutis

413 1472 416 1477 ’
555 1459 708 1533 selibram
728 1454 925 1528 commisces
944 1456 980 1527 in
1002 1455 1106 1542 oleo,
1121 1454 1157 1526 in
1177 1478 1249 1550 quo
1270 1454 1366 1549 prius
1381 1455 1527 1530 fascicu-

541 1565 777 1641 'lusanchusae
794 1567 952 1640 decoblus
971 1565 1039 1654 est,
1052 1569 1092 1640 bc
1105 1566 1260 1663 perungis
1275 1566 1310 1637 in
1339 1567 1430 1641 sole.
1445 1570 1525 1642 Alia.

555 1680 590 1751 Si
613 1679 724 1751 minus
738 1678 856 1751 habeat
874 1677 1018 1775 integras
1043 1677 1156 1762 vires,
1179 1703 1273 1751 ranas
1294 1677 1331 1748 in
1358 1699 1452 1775 aqua
1475 1680 1525 1749 de·

555 1789 703 1885 coquis,
718 1787 924 1883 nubiumque
940 1810 1054 1858 earum
1072 1786 1222 1882 colligis,
1238 1788 1275 1858 δι
1288 1810 1371 1858 cum
1396 1787 1524 1882 polline

555 1893 859 1990 lenticulae,adipe
884 1897 922 1967 &
944 1893 1026 1965 oleo
1048 1892 1246 1988 permisces,
1259 1891 1438 1989 tepefaslo
1453 1920 1523 1990 per·

556 2005 666 2103 ungis.
690 2011 771 2077 ltem
791 2003 864 2077 alia.
882 2003 1082 2077 Cucumeris
1104 2001 1246 2077 silvatici
1269 2003 1406 2076 radices
1431 2004 1523 2078 lavas

556 2117 596 2199 &
613 2114 742 2201 tundis,
756 2113 792 2183 in
804 2113 932 2184 cacabo
946 2134 1045 2182 novo
1058 2136 1135 2183 cum
1157 2111 1260 2198 oleo,
1274 2130 1446 2205 quantum
1459 2111 1523 2186 suf·

556 2220 649 2309 ficit,
666 2221 827 2315 decoquis
842 2225 879 2291 δι
893 2219 1008 2293 uteris.
1028 2207 1174 2315 'Sulphur
1188 2243 1331 2317 quoque
1347 2249 1430 2296 cum
1443 2223 1522 2295 vino

556 2329 733 2401 decosium
757 2328 905 2399 similiter
932 2325 1041 2420 juvat.
1068 2330 1101 2400 Si
1124 2328 1288 2402 vetustate
1315 2329 1447 2404 scabies
1465 2357 1520 2405 oc·

557 2436 697 2522 calluit,
717 2422 810 2531 prius
824 2435 1015 2507 obradenda
1040 2435 1130 2509 serto
1155 2437 1210 2508 vel
1230 2437 1323 2510 testis
1343 2439 1520 2512 advirum

556 2544 632 2633 etr,
656 2543 793 2639 insuper
809 2544 959 2615 humano
988 2543 1078 2615 lotio
1101 2571 1178 2619 cum
1200 2569 1286 2643 aqua
1305 2547 1449 2621 marina
1470 2547 1521 2622 vel

557 2653 635 2728 salsa
662 2653 774 2726 mixto
802 2651 1060 2727 confricandum
1086 2655 1143 2729 est.
1163 2656 1239 2753 post
1262 2656 1460 2753 sulphuris,
1478 2659 1521 2731 bi·

555 2761 721 2852 suminis,
740 2761 824 2858 picis
841 2760 1003 2859 liquidae,
1028 2764 1183 2863 axungiae
1206 2766 1361 2858 veteris,
1381 2767 1452 2865 sepi
1468 2794 1520 2841 ca·

556 2868 675 2964 prini,
701 2893 812 2956 cerae,
835 2868 990 2941 aluminis
1011 2867 1117 2965 spiffi,
1140 2872 1280 2969 singulas
1305 2872 1416 2946 libras
1439 2900 1519 2948 con·

556 2976 696 3063 tundis,
718 2976 856 3063 misces,
871 2978 909 3049 &
929 2979 1117 3074 decoquis,
1135 2983 1173 3053 δι
1186 2982 1231 3053 sic
1250 2980 1380 3067 animal
1397 3011 1517 3080 perun·

556 3082 608 3176 gis
629 3082 663 3148 in
680 3081 760 3155 sole.
782 3084 876 3154 Folia
896 3085 1124 3160 rhododasnes
1137 3113 1213 3161 cum
1230 3089 1312 3163 oleo
1330 3110 1451 3165 vetere
1468 3094 1519 3165 de·

556 3210 712 3282 coques,
736 3189 846 3262 addita
868 3190 944 3285 pice
969 3191 1124 3288 liquida,
1150 3199 1188 3272 δι
1213 3218 1341 3289 aceto,
1368 3203 1408 3273 &
1436 3227 1520 3275 cera.

557 3315 687 3369 certum
710 3297 757 3370 est
778 3300 819 3371 de
840 3299 1075 3394 experimento
1103 3307 1519 3382 remedium.·'Memiberis

556 3424 671 3478 tamen
694 3405 729 3477 in
751 3408 848 3480 omni
867 3409 1177 3501 unslione,contra
1200 3415 1307 3512 pilum
1325 3413 1518 3512 jumentum

558 3515 687 3589 insule
708 3516 886 3591 diutissime
910 3516 1181 3597 confricandum.
1322 3570 1324 3579 =

606 3629 745 3700 LXXll.
769 3629 933 3701 vitiatum
948 3631 1066 3727 aliquo
1087 3632 1164 3706 casu
1185 3633 1242 3705 vel
1262 3633 1440 3732 mucidum
1456 3633 1518 3708 soe·

555 3757 639 3808 num
668 3737 710 3831 ad
736 3735 984 3809 similitudinem
1011 3740 1136 3811 veneni
1161 3740 1365 3816 animalibus
1391 3765 1518 3831 nocet,

555 3869 705 3941 quorum
726 3845 784 3924 isia
802 3845 877 3918 sunt
896 3845 1002 3942 figna:
1016 3848 1151 3921 Oculos
1166 3849 1340 3924 habebunt
1363 3857 1519 3953 vagos&

555 3955 685 4051 semper
700 3956 884 4044 micantes,
903 3955 971 4050 ipse
993 3957 1112 4052 gradus
1132 3982 1253 4031 eorum
1277 3960 1344 4035 erit
1363 3965 1518 4039 incertus.

555 4061 618 4134 His
636 4063 676 4133 de
690 4063 827 4137 matrice
846 4063 1048 4137 auferendus
1061 4065 1108 4138 est
1126 4066 1255 4164 sanguis
1271 4070 1342 4157 ,de
1364 4073 1519 4148 brachio·
1570 4058 1572 4065 ⁵

555 4171 596 4241 lis
608 4168 852 4242 flebotomandi
869 4171 959 4260 sunt,-
973 4173 1011 4246 &
1031 4174 1233 4269 potion‘andi
1256 4177 1345 4271 [ita,
1360 4181 1373 4274 ]
1388 4181 1519 4255 Caricis

556 4274 595 4356 in
623 4277 707 4355 vino
729 4280 875 4359 odorato
905 4281 1071 4377 decoctis,
1090 4284 1219 4359 tursum
1239 4286 1400 4368 detritis:
1421 4280 1521 4368 'abui-
