<?xml version="1.0" encoding="UTF-8"?>
<!DOCTYPE html PUBLIC "-//W3C//DTD XHTML 1.0 Transitional//EN"
    "http://www.w3.org/TR/xhtml1/DTD/xhtml1-transitional.dtd">
<html xmlns="http://www.w3.org/1999/xhtml" xml:lang="en" lang="en">
 <head>
  <title>
</title>
<meta http-equiv="Content-Type" content="text/html;charset=utf-8" />
  <meta name='ocr-system' content='tesseract 3.04.00' />
  <meta name='ocr-capabilities' content='ocr_page ocr_carea ocr_par ocr_line ocrx_word'/>
</head>
<body>
  <div class='ocr_page' id='page_1' title='image "./scriptoresreiru00gesngoog_0364.png"; bbox 0 0 3875 5759; ppageno 0'>
   <div class='ocr_carea' id='block_1_1' title="bbox 552 855 1445 997">
    <p class='ocr_par' dir='ltr' id='par_1_1' title="bbox 552 855 1445 997">
     <span class='ocr_line' id='line_1_1' title="bbox 552 855 1445 997; baseline -0.002 -26"><span class='ocrx_word' id='word_1_1' title='bbox 552 898 627 997; x_wconf 74' lang='lat'>362</span> <span class='ocrx_word' id='word_1_2' title='bbox 725 892 1237 969; x_wconf 78' lang='lat' dir='ltr'>vacasrttra</span> <span class='ocrx_word' id='word_1_3' title='bbox 1285 898 1354 970; x_wconf 87' lang='grc' dir='ltr'><strong>ιιι.</strong></span> <span class='ocrx_word' id='word_1_4' title='bbox 1441 855 1445 861; x_wconf 64' lang='grc'><strong>’</strong></span> 
     </span>
    </p>
   </div>
   <div class='ocr_carea' id='block_1_2' title="bbox 429 1056 1522 3324">
    <p class='ocr_par' dir='ltr' id='par_1_2' title="bbox 429 1056 1517 1595">
     <span class='ocr_line' id='line_1_2' title="bbox 497 1056 1515 1158; baseline 0 -28"><span class='ocrx_word' id='word_1_5' title='bbox 497 1091 500 1106; x_wconf 89' lang='grc'>·</span> <span class='ocrx_word' id='word_1_6' title='bbox 552 1058 704 1158; x_wconf 80' lang='lat' dir='ltr'>polentae</span> <span class='ocrx_word' id='word_1_7' title='bbox 722 1056 903 1130; x_wconf 86' lang='lat' dir='ltr'>sextarium</span> <span class='ocrx_word' id='word_1_8' title='bbox 928 1056 1132 1148; x_wconf 77' lang='lat' dir='ltr'>admisceas,</span> <span class='ocrx_word' id='word_1_9' title='bbox 1154 1057 1290 1158; x_wconf 90' lang='lat' dir='ltr'>actique</span> <span class='ocrx_word' id='word_1_10' title='bbox 1317 1077 1414 1132; x_wconf 88' lang='lat' dir='ltr'>aceto</span> <span class='ocrx_word' id='word_1_11' title='bbox 1438 1056 1515 1130; x_wconf 79' lang='lat' dir='ltr'>sub·</span> 
     </span>
     <span class='ocr_line' id='line_1_3' title="bbox 552 1167 1515 1265; baseline -0.004 -19"><span class='ocrx_word' id='word_1_12' title='bbox 552 1172 662 1246; x_wconf 74' lang='lat' dir='ltr'>allum</span> <span class='ocrx_word' id='word_1_13' title='bbox 677 1167 809 1242; x_wconf 88' lang='lat' dir='ltr'>dolenti</span> <span class='ocrx_word' id='word_1_14' title='bbox 830 1167 1000 1265; x_wconf 83' lang='lat' dir='ltr'><strong>imponas.</strong></span> <span class='ocrx_word' id='word_1_15' title='bbox 1020 1170 1183 1243; x_wconf 84' lang='lat' dir='ltr'>Ptaetetea</span> <span class='ocrx_word' id='word_1_16' title='bbox 1207 1170 1321 1242; x_wconf 81' lang='lat' dir='ltr'>refinae</span> <span class='ocrx_word' id='word_1_17' title='bbox 1337 1170 1429 1241; x_wconf 85' lang='lat' dir='ltr'>durae</span> <span class='ocrx_word' id='word_1_18' title='bbox 1446 1195 1515 1242; x_wconf 89' lang='lat' dir='ltr'>un-</span> 
     </span>
     <span class='ocr_line' id='line_1_4' title="bbox 429 1269 1515 1390; baseline -0.006 -33"><span class='ocrx_word' id='word_1_19' title='bbox 429 1366 436 1390; x_wconf 29' lang='lat' dir='ltr'>x</span> <span class='ocrx_word' id='word_1_20' title='bbox 553 1282 620 1357; x_wconf 88' lang='lat' dir='ltr'>cias</span> <span class='ocrx_word' id='word_1_21' title='bbox 637 1280 692 1355; x_wconf 84' lang='lat' dir='ltr'>sex</span> <span class='ocrx_word' id='word_1_22' title='bbox 705 1282 896 1375; x_wconf 85' lang='lat' dir='ltr'>decoquas,</span> <span class='ocrx_word' id='word_1_23' title='bbox 909 1297 947 1353; x_wconf 89' lang='lat' dir='ltr'>ut</span> <span class='ocrx_word' id='word_1_24' title='bbox 961 1278 1140 1379; x_wconf 83' lang='lat' dir='ltr'>liquescat:</span> <span class='ocrx_word' id='word_1_25' title='bbox 1156 1280 1213 1355; x_wconf 91' lang='lat' dir='ltr'>cui</span> <span class='ocrx_word' id='word_1_26' title='bbox 1230 1269 1379 1353; x_wconf 86' lang='lat' dir='ltr'>ferventi</span> <span class='ocrx_word' id='word_1_27' title='bbox 1404 1280 1515 1373; x_wconf 90' lang='lat' dir='ltr'>super·</span> 
     </span>
     <span class='ocr_line' id='line_1_5' title="bbox 553 1388 1517 1488; baseline -0.004 -21"><span class='ocrx_word' id='word_1_28' title='bbox 553 1390 699 1488; x_wconf 78' lang='lat' dir='ltr'>aspergis</span> <span class='ocrx_word' id='word_1_29' title='bbox 720 1389 941 1464; x_wconf 82' lang='lat' dir='ltr'>hordeaceam</span> <span class='ocrx_word' id='word_1_30' title='bbox 962 1388 1126 1479; x_wconf 85' lang='lat' dir='ltr'>farinam,</span> <span class='ocrx_word' id='word_1_31' title='bbox 1140 1390 1298 1482; x_wconf 86' lang='lat' dir='ltr'>quamdiu</span> <span class='ocrx_word' id='word_1_32' title='bbox 1315 1388 1517 1485; x_wconf 73' lang='lat' dir='ltr'>‘inspissetur</span> 
     </span>
     <span class='ocr_line' id='line_1_6' title="bbox 552 1496 1517 1595; baseline -0.002 -22"><span class='ocrx_word' id='word_1_33' title='bbox 552 1500 597 1573; x_wconf 83' lang='lat' dir='ltr'>ad</span> <span class='ocrx_word' id='word_1_34' title='bbox 619 1496 871 1586; x_wconf 70' lang='lat' dir='ltr'>umilitudioem</span> <span class='ocrx_word' id='word_1_35' title='bbox 885 1497 1070 1595; x_wconf 87' lang='lat' dir='ltr'>pulmenti,</span> <span class='ocrx_word' id='word_1_36' title='bbox 1083 1501 1120 1573; x_wconf 79' lang='lat'>81</span> <span class='ocrx_word' id='word_1_37' title='bbox 1133 1498 1191 1574; x_wconf 87' lang='lat' dir='ltr'>diu</span> <span class='ocrx_word' id='word_1_38' title='bbox 1204 1499 1372 1572; x_wconf 74' lang='lat' dir='ltr'>suballum</span> <span class='ocrx_word' id='word_1_39' title='bbox 1385 1554 1396 1587; x_wconf 89' lang='lat'>,</span> <span class='ocrx_word' id='word_1_40' title='bbox 1409 1501 1446 1573; x_wconf 90' lang='lat'>&amp;</span> <span class='ocrx_word' id='word_1_41' title='bbox 1459 1524 1517 1572; x_wconf 86' lang='lat' dir='ltr'>ca·</span> 
     </span>
    </p>

    <p class='ocr_par' dir='ltr' id='par_1_3' title="bbox 478 1602 1522 2784">
     <span class='ocr_line' id='line_1_7' title="bbox 554 1602 1519 1702; baseline 0.001 -24"><span class='ocrx_word' id='word_1_42' title='bbox 554 1605 663 1678; x_wconf 91' lang='lat' dir='ltr'>lidum</span> <span class='ocrx_word' id='word_1_43' title='bbox 682 1606 749 1694; x_wconf 89' lang='lat' dir='ltr'>ita,</span> <span class='ocrx_word' id='word_1_44' title='bbox 770 1626 808 1679; x_wconf 91' lang='lat' dir='ltr'>ut</span> <span class='ocrx_word' id='word_1_45' title='bbox 830 1631 946 1680; x_wconf 88' lang='lat' dir='ltr'>manus</span> <span class='ocrx_word' id='word_1_46' title='bbox 965 1605 1034 1701; x_wconf 89' lang='lat' dir='ltr'>pati</span> <span class='ocrx_word' id='word_1_47' title='bbox 1056 1605 1181 1700; x_wconf 78' lang='lat' dir='ltr'>pollis,</span> <span class='ocrx_word' id='word_1_48' title='bbox 1202 1602 1404 1702; x_wconf 88' lang='lat' dir='ltr'>superillinis</span> <span class='ocrx_word' id='word_1_49' title='bbox 1425 1607 1519 1680; x_wconf 89' lang='lat' dir='ltr'>reni-</span> 
     </span>
     <span class='ocr_line' id='line_1_8' title="bbox 512 1704 1517 1809; baseline 0.001 -23"><span class='ocrx_word' id='word_1_50' title='bbox 512 1704 514 1708; x_wconf 59' lang='grc'><strong>’</strong></span> <span class='ocrx_word' id='word_1_51' title='bbox 553 1711 627 1788; x_wconf 87' lang='lat' dir='ltr'>bus.</span> <span class='ocrx_word' id='word_1_52' title='bbox 639 1714 746 1806; x_wconf 86' lang='lat' dir='ltr'>Quod</span> <span class='ocrx_word' id='word_1_53' title='bbox 760 1712 782 1785; x_wconf 88' lang='lat' dir='ltr'>sr</span> <span class='ocrx_word' id='word_1_54' title='bbox 797 1711 989 1809; x_wconf 86' lang='lat' dir='ltr'>frequenter</span> <span class='ocrx_word' id='word_1_55' title='bbox 1001 1714 1221 1787; x_wconf 81' lang='lat' dir='ltr'>renovaveris</span> <span class='ocrx_word' id='word_1_56' title='bbox 1235 1768 1246 1802; x_wconf 88' lang='lat'>,</span> <span class='ocrx_word' id='word_1_57' title='bbox 1261 1718 1299 1788; x_wconf 78' lang='lat' dir='ltr'>dt</span> <span class='ocrx_word' id='word_1_58' title='bbox 1313 1715 1426 1786; x_wconf 85' lang='lat' dir='ltr'>dolori</span> <span class='ocrx_word' id='word_1_59' title='bbox 1441 1714 1517 1787; x_wconf 85' lang='lat' dir='ltr'>sub·</span> 
     </span>
     <span class='ocr_line' id='line_1_9' title="bbox 553 1819 1519 1920; baseline -0.002 -25"><span class='ocrx_word' id='word_1_60' title='bbox 553 1821 651 1895; x_wconf 88' lang='lat' dir='ltr'>venit</span> <span class='ocrx_word' id='word_1_61' title='bbox 668 1825 706 1897; x_wconf 88' lang='lat'>&amp;</span> <span class='ocrx_word' id='word_1_62' title='bbox 718 1823 857 1912; x_wconf 80' lang='lat' dir='ltr'>tumori.</span> <span class='ocrx_word' id='word_1_63' title='bbox 871 1821 905 1894; x_wconf 88' lang='lat' dir='ltr'>Si</span> <span class='ocrx_word' id='word_1_64' title='bbox 920 1848 1007 1897; x_wconf 80' lang='lat' dir='ltr'>vero</span> <span class='ocrx_word' id='word_1_65' title='bbox 1029 1838 1122 1918; x_wconf 76' lang='lat' dir='ltr'>tanta</span> <span class='ocrx_word' id='word_1_66' title='bbox 1140 1820 1326 1920; x_wconf 80' lang='lat' dir='ltr'>indignatio</span> <span class='ocrx_word' id='word_1_67' title='bbox 1339 1819 1461 1907; x_wconf 87' lang='lat' dir='ltr'>fuerit,</span> <span class='ocrx_word' id='word_1_68' title='bbox 1479 1839 1519 1893; x_wconf 92' lang='lat' dir='ltr'>ut</span> 
     </span>
     <span class='ocr_line' id='line_1_10' title="bbox 553 1929 1518 2027; baseline -0.006 -20"><span class='ocrx_word' id='word_1_69' title='bbox 553 1932 720 2027; x_wconf 85' lang='lat' dir='ltr'>ejusmodi</span> <span class='ocrx_word' id='word_1_70' title='bbox 741 1958 814 2007; x_wconf 90' lang='lat' dir='ltr'>non</span> <span class='ocrx_word' id='word_1_71' title='bbox 833 1934 953 2008; x_wconf 86' lang='lat' dir='ltr'>sentiat</span> <span class='ocrx_word' id='word_1_72' title='bbox 971 1958 1087 2023; x_wconf 87' lang='lat' dir='ltr'>curas,</span> <span class='ocrx_word' id='word_1_73' title='bbox 1101 1952 1158 2006; x_wconf 88' lang='lat' dir='ltr'>aut</span> <span class='ocrx_word' id='word_1_74' title='bbox 1178 1931 1326 2007; x_wconf 88' lang='lat' dir='ltr'>cauterio</span> <span class='ocrx_word' id='word_1_75' title='bbox 1341 1929 1518 2024; x_wconf 85' lang='lat' dir='ltr'>cuprino,</span> 
     </span>
     <span class='ocr_line' id='line_1_11' title="bbox 552 2038 1519 2150; baseline -0.01 -34"><span class='ocrx_word' id='word_1_76' title='bbox 552 2043 640 2119; x_wconf 89' lang='lat' dir='ltr'>locis</span> <span class='ocrx_word' id='word_1_77' title='bbox 662 2043 866 2140; x_wconf 76' lang='lat' dir='ltr'>opportunis</span> <span class='ocrx_word' id='word_1_78' title='bbox 887 2045 1022 2115; x_wconf 88' lang='lat' dir='ltr'>urendo</span> <span class='ocrx_word' id='word_1_79' title='bbox 1045 2042 1209 2135; x_wconf 83' lang='lat' dir='ltr'>deprimes</span> <span class='ocrx_word' id='word_1_80' title='bbox 1234 2040 1375 2150; x_wconf 76' lang='lat' dir='ltr'>ppulla,</span> <span class='ocrx_word' id='word_1_81' title='bbox 1391 2063 1433 2108; x_wconf 89' lang='lat' dir='ltr'>ne</span> <span class='ocrx_word' id='word_1_82' title='bbox 1453 2038 1519 2107; x_wconf 69' lang='lat' dir='ltr'>de·&#39;</span> 
     </span>
     <span class='ocr_line' id='line_1_12' title="bbox 553 2144 1520 2235; baseline -0.005 -14"><span class='ocrx_word' id='word_1_83' title='bbox 553 2150 724 2223; x_wconf 81' lang='lat' dir='ltr'>formetur</span> <span class='ocrx_word' id='word_1_84' title='bbox 748 2148 895 2235; x_wconf 88' lang='lat' dir='ltr'>animal,</span> <span class='ocrx_word' id='word_1_85' title='bbox 920 2169 977 2221; x_wconf 87' lang='lat' dir='ltr'>aut</span> <span class='ocrx_word' id='word_1_86' title='bbox 1002 2151 1025 2220; x_wconf 88' lang='lat' dir='ltr'>li</span> <span class='ocrx_word' id='word_1_87' title='bbox 1052 2149 1156 2222; x_wconf 89' lang='lat' dir='ltr'>vilius</span> <span class='ocrx_word' id='word_1_88' title='bbox 1174 2146 1245 2231; x_wconf 88' lang='lat' dir='ltr'>est,</span> <span class='ocrx_word' id='word_1_89' title='bbox 1270 2148 1309 2219; x_wconf 80' lang='grc' dir='ltr'>δι</span> <span class='ocrx_word' id='word_1_90' title='bbox 1335 2144 1520 2217; x_wconf 85' lang='lat' dir='ltr'>neceffitati</span> 
     </span>
     <span class='ocr_line' id='line_1_13' title="bbox 553 2251 1522 2349; baseline -0.004 -22"><span class='ocrx_word' id='word_1_91' title='bbox 553 2255 802 2349; x_wconf 52' lang='lat' dir='ltr'>aptiuquuam</span> <span class='ocrx_word' id='word_1_92' title='bbox 821 2252 960 2340; x_wconf 89' lang='lat' dir='ltr'>decori,</span> <span class='ocrx_word' id='word_1_93' title='bbox 973 2253 1216 2343; x_wconf 85' lang='lat' dir='ltr'>craticulatim,</span> <span class='ocrx_word' id='word_1_94' title='bbox 1230 2252 1313 2327; x_wconf 84' lang='lat' dir='ltr'>ltcut</span> <span class='ocrx_word' id='word_1_95' title='bbox 1329 2251 1434 2335; x_wconf 87' lang='lat' dir='ltr'>moris</span> <span class='ocrx_word' id='word_1_96' title='bbox 1454 2252 1522 2344; x_wconf 88' lang='lat' dir='ltr'>est,</span> 
     </span>
     <span class='ocr_line' id='line_1_14' title="bbox 552 2386 1507 2435; baseline -0.003 -1"><span class='ocrx_word' id='word_1_97' title='bbox 552 2386 651 2435; x_wconf 77' lang='lat' dir='ltr'>ures·</span> <span class='ocrx_word' id='word_1_98' title='bbox 1487 2423 1507 2432; x_wconf 87' lang='lat'>..</span> 
     </span>
     <span class='ocr_line' id='line_1_15' title="bbox 478 2464 1520 2566; baseline -0.003 -24"><span class='ocrx_word' id='word_1_99' title='bbox 478 2527 481 2531; x_wconf 87' lang='lat'>.</span> <span class='ocrx_word' id='word_1_100' title='bbox 604 2470 689 2544; x_wconf 57' lang='grc' dir='ltr'>ΝΒ.</span> <span class='ocrx_word' id='word_1_101' title='bbox 712 2469 845 2541; x_wconf 89' lang='lat' dir='ltr'>Renum</span> <span class='ocrx_word' id='word_1_102' title='bbox 863 2483 975 2540; x_wconf 89' lang='lat' dir='ltr'>autem</span> <span class='ocrx_word' id='word_1_103' title='bbox 990 2464 1092 2539; x_wconf 90' lang='lat' dir='ltr'>dolor</span> <span class='ocrx_word' id='word_1_104' title='bbox 1111 2466 1165 2539; x_wconf 82' lang='lat' dir='ltr'>his</span> <span class='ocrx_word' id='word_1_105' title='bbox 1183 2465 1376 2564; x_wconf 80' lang='lat' dir='ltr'>agnoscitur</span> <span class='ocrx_word' id='word_1_106' title='bbox 1394 2464 1492 2566; x_wconf 74' lang='lat' dir='ltr'>signis</span> <span class='ocrx_word' id='word_1_107' title='bbox 1508 2491 1520 2539; x_wconf 81' lang='lat' dir='ltr'>r</span> 
     </span>
     <span class='ocr_line' id='line_1_16' title="bbox 556 2574 1519 2676; baseline -0.005 -23"><span class='ocrx_word' id='word_1_108' title='bbox 556 2579 763 2653; x_wconf 82' lang='lat' dir='ltr'>Posteriores</span> <span class='ocrx_word' id='word_1_109' title='bbox 779 2578 918 2676; x_wconf 85' lang='lat' dir='ltr'>ungulas</span> <span class='ocrx_word' id='word_1_110' title='bbox 937 2574 1062 2666; x_wconf 89' lang='lat' dir='ltr'>trahit,</span> <span class='ocrx_word' id='word_1_111' title='bbox 1077 2575 1183 2648; x_wconf 89' lang='lat' dir='ltr'>lumbi</span> <span class='ocrx_word' id='word_1_112' title='bbox 1198 2576 1429 2661; x_wconf 82' lang='lat' dir='ltr'>vacillabunt,</span> <span class='ocrx_word' id='word_1_113' title='bbox 1440 2601 1519 2649; x_wconf 88' lang='lat' dir='ltr'>cau·</span> 
     </span>
     <span class='ocr_line' id='line_1_17' title="bbox 556 2683 1522 2784; baseline -0.008 -22"><span class='ocrx_word' id='word_1_114' title='bbox 556 2690 600 2763; x_wconf 87' lang='lat' dir='ltr'>da</span> <span class='ocrx_word' id='word_1_115' title='bbox 616 2689 740 2783; x_wconf 70' lang='lat' dir='ltr'>dejella</span> <span class='ocrx_word' id='word_1_116' title='bbox 757 2683 1075 2774; x_wconf 70' lang='lat' dir='ltr'>etit,‘faeculentum</span> <span class='ocrx_word' id='word_1_117' title='bbox 1091 2684 1236 2784; x_wconf 84' lang='lat' dir='ltr'>minget‚</span> <span class='ocrx_word' id='word_1_118' title='bbox 1247 2684 1305 2757; x_wconf 86' lang='lat' dir='ltr'>ilia</span> <span class='ocrx_word' id='word_1_119' title='bbox 1324 2686 1406 2757; x_wconf 88' lang='lat' dir='ltr'>dura</span> <span class='ocrx_word' id='word_1_120' title='bbox 1419 2704 1522 2781; x_wconf 88' lang='lat' dir='ltr'>atque</span> 
     </span>
    </p>

    <p class='ocr_par' dir='ltr' id='par_1_4' title="bbox 500 2793 1522 3324">
     <span class='ocr_line' id='line_1_18' title="bbox 557 2793 1519 2891; baseline -0.01 -17"><span class='ocrx_word' id='word_1_121' title='bbox 557 2801 742 2874; x_wconf 72' lang='lat' dir='ltr'>contralla.</span> <span class='ocrx_word' id='word_1_122' title='bbox 758 2798 928 2882; x_wconf 79' lang='lat' dir='ltr'>Interdum</span> <span class='ocrx_word' id='word_1_123' title='bbox 942 2796 1024 2868; x_wconf 82' lang='lat' dir='ltr'>tales</span> <span class='ocrx_word' id='word_1_124' title='bbox 1044 2793 1119 2868; x_wconf 91' lang='lat' dir='ltr'>sunt</span> <span class='ocrx_word' id='word_1_125' title='bbox 1136 2820 1257 2886; x_wconf 87' lang='lat' dir='ltr'>renes,</span> <span class='ocrx_word' id='word_1_126' title='bbox 1275 2813 1311 2866; x_wconf 91' lang='lat' dir='ltr'>ut</span> <span class='ocrx_word' id='word_1_127' title='bbox 1330 2794 1519 2891; x_wconf 83' lang='lat' dir='ltr'>sanguinem</span> 
     </span>
     <span class='ocr_line' id='line_1_19' title="bbox 500 2896 1521 3004; baseline -0.006 -24"><span class='ocrx_word' id='word_1_128' title='bbox 500 2896 502 2899; x_wconf 41' lang='grc'>’</span> <span class='ocrx_word' id='word_1_129' title='bbox 556 2906 728 3004; x_wconf 81' lang='lat' dir='ltr'>mingant,</span> <span class='ocrx_word' id='word_1_130' title='bbox 741 2907 781 2978; x_wconf 77' lang='grc' dir='ltr'>δι</span> <span class='ocrx_word' id='word_1_131' title='bbox 798 2902 973 2977; x_wconf 84' lang='lat' dir='ltr'>finimium</span> <span class='ocrx_word' id='word_1_132' title='bbox 986 2900 1164 2992; x_wconf 89' lang='lat' dir='ltr'>effuderit,</span> <span class='ocrx_word' id='word_1_133' title='bbox 1180 2903 1370 2977; x_wconf 84' lang='lat' dir='ltr'>incurabilis</span> <span class='ocrx_word' id='word_1_134' title='bbox 1385 2903 1432 2975; x_wconf 90' lang='lat' dir='ltr'>est</span> <span class='ocrx_word' id='word_1_135' title='bbox 1446 2900 1521 2998; x_wconf 86' lang='lat' dir='ltr'>pal·</span> 
     </span>
     <span class='ocr_line' id='line_1_20' title="bbox 557 3011 1522 3111; baseline -0.001 -24"><span class='ocrx_word' id='word_1_136' title='bbox 557 3016 620 3088; x_wconf 81' lang='lat' dir='ltr'>sto.</span> <span class='ocrx_word' id='word_1_137' title='bbox 634 3016 668 3087; x_wconf 91' lang='lat' dir='ltr'>Si</span> <span class='ocrx_word' id='word_1_138' title='bbox 680 3038 801 3111; x_wconf 70' lang='lat' dir='ltr'>‘parum</span> <span class='ocrx_word' id='word_1_139' title='bbox 813 3013 942 3087; x_wconf 88' lang='lat' dir='ltr'>cruoris</span> <span class='ocrx_word' id='word_1_140' title='bbox 955 3013 1204 3101; x_wconf 82' lang='lat' dir='ltr'>abundaverit,</span> <span class='ocrx_word' id='word_1_141' title='bbox 1221 3012 1305 3086; x_wconf 91' lang='lat' dir='ltr'>scito</span> <span class='ocrx_word' id='word_1_142' title='bbox 1320 3011 1410 3108; x_wconf 83' lang='lat' dir='ltr'>polle</span> <span class='ocrx_word' id='word_1_143' title='bbox 1425 3038 1522 3086; x_wconf 87' lang='lat' dir='ltr'>cura·</span> 
     </span>
     <span class='ocr_line' id='line_1_21' title="bbox 547 3119 1521 3217; baseline -0.003 -23"><span class='ocrx_word' id='word_1_144' title='bbox 547 3124 599 3213; x_wconf 72' lang='lat' dir='ltr'>⁴ri.</span> <span class='ocrx_word' id='word_1_145' title='bbox 621 3124 685 3195; x_wconf 89' lang='lat' dir='ltr'>Cui</span> <span class='ocrx_word' id='word_1_146' title='bbox 701 3120 778 3216; x_wconf 88' lang='lat' dir='ltr'>post</span> <span class='ocrx_word' id='word_1_147' title='bbox 803 3122 988 3193; x_wconf 73' lang='lat' dir='ltr'>serranum</span> <span class='ocrx_word' id='word_1_148' title='bbox 1012 3120 1204 3217; x_wconf 85' lang='lat' dir='ltr'>sanguinem</span> <span class='ocrx_word' id='word_1_149' title='bbox 1222 3122 1276 3193; x_wconf 88' lang='lat' dir='ltr'>vel</span> <span class='ocrx_word' id='word_1_150' title='bbox 1297 3122 1337 3192; x_wconf 91' lang='lat' dir='ltr'>de</span> <span class='ocrx_word' id='word_1_151' title='bbox 1359 3119 1521 3210; x_wconf 78' lang='lat' dir='ltr'>matrice,</span> 
     </span>
     <span class='ocr_line' id='line_1_22' title="bbox 558 3228 1517 3324; baseline -0.003 -21"><span class='ocrx_word' id='word_1_152' title='bbox 558 3230 617 3303; x_wconf 88' lang='lat' dir='ltr'>vel</span> <span class='ocrx_word' id='word_1_153' title='bbox 630 3232 671 3301; x_wconf 92' lang='lat' dir='ltr'>de</span> <span class='ocrx_word' id='word_1_154' title='bbox 685 3229 892 3318; x_wconf 80' lang='lat' dir='ltr'>semoribus,</span> <span class='ocrx_word' id='word_1_155' title='bbox 905 3229 992 3301; x_wconf 90' lang='lat' dir='ltr'>hanc</span> <span class='ocrx_word' id='word_1_156' title='bbox 1007 3230 1186 3324; x_wconf 89' lang='lat' dir='ltr'>potionem</span> <span class='ocrx_word' id='word_1_157' title='bbox 1205 3230 1317 3321; x_wconf 87' lang='lat' dir='ltr'>dabis,</span> <span class='ocrx_word' id='word_1_158' title='bbox 1333 3228 1517 3318; x_wconf 84' lang='lat' dir='ltr'>videlicet,</span> 
     </span>
    </p>
   </div>
   <div class='ocr_carea' id='block_1_3' title="bbox 439 3339 1129 3441">
    <p class='ocr_par' dir='ltr' id='par_1_5' title="bbox 439 3339 1129 3441">
     <span class='ocr_line' id='line_1_23' title="bbox 439 3339 1129 3441; baseline 0 -27"><span class='ocrx_word' id='word_1_159' title='bbox 439 3355 441 3358; x_wconf 82' lang='grc'><strong>’</strong></span> <span class='ocrx_word' id='word_1_160' title='bbox 558 3342 653 3441; x_wconf 87' lang='lat' dir='ltr'>porri</span> <span class='ocrx_word' id='word_1_161' title='bbox 676 3340 792 3415; x_wconf 66' lang='lat' dir='ltr'>sectivi</span> <span class='ocrx_word' id='word_1_162' title='bbox 814 3339 947 3413; x_wconf 85' lang='lat' dir='ltr'>succum</span> <span class='ocrx_word' id='word_1_163' title='bbox 969 3364 1012 3413; x_wconf 86' lang='lat' dir='ltr'>ex</span> <span class='ocrx_word' id='word_1_164' title='bbox 1032 3365 1129 3439; x_wconf 86' lang='lat' dir='ltr'>aqua.</span> 
     </span>
    </p>
   </div>
   <div class='ocr_carea' id='block_1_4' title="bbox 559 3448 1522 3769">
    <p class='ocr_par' dir='ltr' id='par_1_6' title="bbox 559 3448 1522 3769">
     <span class='ocr_line' id='line_1_24' title="bbox 607 3448 1517 3547; baseline 0 -25"><span class='ocrx_word' id='word_1_165' title='bbox 607 3456 650 3524; x_wconf 85' lang='lat' dir='ltr'>V.</span> <span class='ocrx_word' id='word_1_166' title='bbox 666 3454 759 3546; x_wconf 85' lang='lat' dir='ltr'>Saepe</span> <span class='ocrx_word' id='word_1_167' title='bbox 779 3448 940 3541; x_wconf 81' lang='lat' dir='ltr'>musculi,</span> <span class='ocrx_word' id='word_1_168' title='bbox 954 3450 1016 3547; x_wconf 90' lang='lat' dir='ltr'>qui</span> <span class='ocrx_word' id='word_1_169' title='bbox 1038 3451 1074 3523; x_wconf 93' lang='lat' dir='ltr'>in</span> <span class='ocrx_word' id='word_1_170' title='bbox 1089 3451 1225 3526; x_wconf 86' lang='lat' dir='ltr'>renibus</span> <span class='ocrx_word' id='word_1_171' title='bbox 1239 3450 1311 3524; x_wconf 88' lang='lat' dir='ltr'>lunt</span> <span class='ocrx_word' id='word_1_172' title='bbox 1323 3501 1335 3539; x_wconf 90' lang='lat'>,</span> <span class='ocrx_word' id='word_1_173' title='bbox 1347 3465 1517 3523; x_wconf 84' lang='lat' dir='ltr'>vertantur</span> 
     </span>
     <span class='ocr_line' id='line_1_25' title="bbox 559 3556 1522 3651; baseline -0.002 -17"><span class='ocrx_word' id='word_1_174' title='bbox 559 3585 603 3634; x_wconf 85' lang='lat' dir='ltr'>ex</span> <span class='ocrx_word' id='word_1_175' title='bbox 627 3560 722 3649; x_wconf 90' lang='lat' dir='ltr'>calu,</span> <span class='ocrx_word' id='word_1_176' title='bbox 750 3561 992 3638; x_wconf 87' lang='lat' dir='ltr'>&amp;exteriores</span> <span class='ocrx_word' id='word_1_177' title='bbox 1014 3560 1145 3634; x_wconf 86' lang='lat' dir='ltr'>facilius</span> <span class='ocrx_word' id='word_1_178' title='bbox 1175 3578 1358 3648; x_wconf 89' lang='lat' dir='ltr'>curantur,</span> <span class='ocrx_word' id='word_1_179' title='bbox 1378 3558 1402 3631; x_wconf 82' lang='lat' dir='ltr'>ss</span> <span class='ocrx_word' id='word_1_180' title='bbox 1426 3556 1522 3651; x_wconf 72' lang='lat' dir='ltr'>juste</span> 
     </span>
     <span class='ocr_line' id='line_1_26' title="bbox 559 3665 1522 3769; baseline -0.001 -25"><span class='ocrx_word' id='word_1_181' title='bbox 559 3670 699 3744; x_wconf 81' lang='lat' dir='ltr'>medelae</span> <span class='ocrx_word' id='word_1_182' title='bbox 715 3670 857 3744; x_wconf 90' lang='lat' dir='ltr'>afferunt</span> <span class='ocrx_word' id='word_1_183' title='bbox 879 3665 1080 3747; x_wconf 86' lang='lat' dir='ltr'>tarditatem.</span> <span class='ocrx_word' id='word_1_184' title='bbox 1099 3673 1278 3769; x_wconf 88' lang='lat' dir='ltr'>Optimum</span> <span class='ocrx_word' id='word_1_185' title='bbox 1304 3672 1371 3760; x_wconf 88' lang='lat' dir='ltr'>est,</span> <span class='ocrx_word' id='word_1_186' title='bbox 1386 3672 1522 3769; x_wconf 88' lang='lat' dir='ltr'>quoties</span> 
     </span>
    </p>
   </div>
   <div class='ocr_carea' id='block_1_5' title="bbox 420 3781 1521 3889">
    <p class='ocr_par' dir='ltr' id='par_1_7' title="bbox 420 3781 1521 3889">
     <span class='ocr_line' id='line_1_27' title="bbox 420 3781 1521 3889; baseline -0.003 -31"><span class='ocrx_word' id='word_1_187' title='bbox 420 3882 424 3889; x_wconf 16' lang='grc' dir='ltr'><em>γ</em></span> <span class='ocrx_word' id='word_1_188' title='bbox 512 3848 514 3851; x_wconf 96' lang='grc'>.</span> <span class='ocrx_word' id='word_1_189' title='bbox 558 3782 718 3858; x_wconf 88' lang='lat' dir='ltr'>ceciderit</span> <span class='ocrx_word' id='word_1_190' title='bbox 731 3781 939 3877; x_wconf 77' lang='lat' dir='ltr'>jumentum,</span> <span class='ocrx_word' id='word_1_191' title='bbox 952 3785 1036 3858; x_wconf 93' lang='lat' dir='ltr'>loco</span> <span class='ocrx_word' id='word_1_192' title='bbox 1050 3809 1120 3858; x_wconf 92' lang='lat' dir='ltr'>non</span> <span class='ocrx_word' id='word_1_193' title='bbox 1136 3784 1293 3875; x_wconf 88' lang='lat' dir='ltr'>moveri,</span> <span class='ocrx_word' id='word_1_194' title='bbox 1308 3789 1345 3861; x_wconf 90' lang='lat'>&amp;</span> <span class='ocrx_word' id='word_1_195' title='bbox 1360 3811 1445 3881; x_wconf 87' lang='lat' dir='ltr'>aqua</span> <span class='ocrx_word' id='word_1_196' title='bbox 1459 3783 1521 3855; x_wconf 90' lang='lat' dir='ltr'>fri-</span> 
     </span>
    </p>
   </div>
   <div class='ocr_carea' id='block_1_6' title="bbox 559 3892 1592 4427">
    <p class='ocr_par' dir='ltr' id='par_1_8' title="bbox 559 3892 1592 4427">
     <span class='ocr_line' id='line_1_28' title="bbox 559 3892 1592 3990; baseline 0.003 -28"><span class='ocrx_word' id='word_1_197' title='bbox 559 3892 636 3989; x_wconf 86' lang='lat' dir='ltr'>gida</span> <span class='ocrx_word' id='word_1_198' title='bbox 657 3892 836 3988; x_wconf 89' lang='lat' dir='ltr'>perfundi,</span> <span class='ocrx_word' id='word_1_199' title='bbox 855 3896 893 3967; x_wconf 76' lang='grc' dir='ltr'>δι</span> <span class='ocrx_word' id='word_1_200' title='bbox 913 3892 1127 3990; x_wconf 86' lang='lat' dir='ltr'>postmodum</span> <span class='ocrx_word' id='word_1_201' title='bbox 1148 3894 1327 3989; x_wconf 84' lang='lat' dir='ltr'>unguentis</span> <span class='ocrx_word' id='word_1_202' title='bbox 1348 3892 1407 3965; x_wconf 90' lang='lat' dir='ltr'>uti.</span> <span class='ocrx_word' id='word_1_203' title='bbox 1430 3895 1522 3984; x_wconf 79' lang='lat' dir='ltr'>Quae</span> <span class='ocrx_word' id='word_1_204' title='bbox 1590 3968 1592 3973; x_wconf 85' lang='lat'><em>.</em></span> 
     </span>
     <span class='ocr_line' id='line_1_29' title="bbox 560 3992 1521 4100; baseline 0 -27"><span class='ocrx_word' id='word_1_205' title='bbox 560 4001 667 4100; x_wconf 76' lang='lat' dir='ltr'>pallio</span> <span class='ocrx_word' id='word_1_206' title='bbox 691 4001 750 4073; x_wconf 86' lang='lat' dir='ltr'>illa</span> <span class='ocrx_word' id='word_1_207' title='bbox 771 3995 952 4074; x_wconf 83' lang='lat' dir='ltr'>consuevit</span> <span class='ocrx_word' id='word_1_208' title='bbox 975 4001 1062 4074; x_wconf 88' lang='lat' dir='ltr'>ferre</span> <span class='ocrx_word' id='word_1_209' title='bbox 1075 3999 1218 4074; x_wconf 70' lang='lat' dir='ltr'>indicias</span> <span class='ocrx_word' id='word_1_210' title='bbox 1231 3992 1349 4094; x_wconf 60' lang='lat' dir='ltr'>¹Renes</span> <span class='ocrx_word' id='word_1_211' title='bbox 1370 4001 1521 4073; x_wconf 87' lang='lat' dir='ltr'>obdure-</span> 
     </span>
     <span class='ocr_line' id='line_1_30' title="bbox 560 4108 1523 4208; baseline 0.005 -28"><span class='ocrx_word' id='word_1_212' title='bbox 560 4108 681 4198; x_wconf 89' lang='lat' dir='ltr'>scunt,</span> <span class='ocrx_word' id='word_1_213' title='bbox 701 4110 949 4182; x_wconf 86' lang='lat' dir='ltr'>contrahuntur</span> <span class='ocrx_word' id='word_1_214' title='bbox 972 4110 1091 4196; x_wconf 85' lang='lat' dir='ltr'>telles,</span> <span class='ocrx_word' id='word_1_215' title='bbox 1116 4134 1308 4208; x_wconf 80' lang='lat' dir='ltr'>coxamque</span> <span class='ocrx_word' id='word_1_216' title='bbox 1334 4109 1457 4200; x_wconf 85' lang='lat' dir='ltr'>trabit,</span> <span class='ocrx_word' id='word_1_217' title='bbox 1483 4114 1523 4185; x_wconf 89' lang='lat'>&amp;</span> 
     </span>
     <span class='ocr_line' id='line_1_31' title="bbox 560 4216 1521 4315; baseline 0.004 -26"><span class='ocrx_word' id='word_1_218' title='bbox 560 4216 720 4313; x_wconf 82' lang='lat' dir='ltr'>colligere</span> <span class='ocrx_word' id='word_1_219' title='bbox 740 4218 772 4290; x_wconf 83' lang='lat' dir='ltr'>se</span> <span class='ocrx_word' id='word_1_220' title='bbox 793 4243 865 4291; x_wconf 92' lang='lat' dir='ltr'>non</span> <span class='ocrx_word' id='word_1_221' title='bbox 882 4221 1017 4315; x_wconf 82' lang='lat' dir='ltr'>poterit.</span> <span class='ocrx_word' id='word_1_222' title='bbox 1030 4222 1117 4312; x_wconf 85' lang='lat' dir='ltr'>Quae</span> <span class='ocrx_word' id='word_1_223' title='bbox 1141 4220 1301 4293; x_wconf 87' lang='lat' dir='ltr'>valetudo</span> <span class='ocrx_word' id='word_1_224' title='bbox 1316 4218 1461 4292; x_wconf 88' lang='lat' dir='ltr'>nascitur</span> <span class='ocrx_word' id='word_1_225' title='bbox 1477 4246 1521 4293; x_wconf 82' lang='lat' dir='ltr'>ex</span> 
     </span>
     <span class='ocr_line' id='line_1_32' title="bbox 561 4321 1522 4427; baseline 0.007 -33"><span class='ocrx_word' id='word_1_226' title='bbox 561 4321 691 4402; x_wconf 89' lang='lat' dir='ltr'>itineris</span> <span class='ocrx_word' id='word_1_227' title='bbox 707 4327 802 4427; x_wconf 84' lang='lat' dir='ltr'>longi</span> <span class='ocrx_word' id='word_1_228' title='bbox 825 4327 1047 4427; x_wconf 82' lang='lat' dir='ltr'>fatigatione,</span> <span class='ocrx_word' id='word_1_229' title='bbox 1065 4345 1121 4403; x_wconf 90' lang='lat' dir='ltr'>aut</span> <span class='ocrx_word' id='word_1_230' title='bbox 1147 4330 1190 4405; x_wconf 87' lang='lat' dir='ltr'>ab</span> <span class='ocrx_word' id='word_1_231' title='bbox 1209 4327 1351 4403; x_wconf 73' lang='lat' dir='ltr'>intratur</span> <span class='ocrx_word' id='word_1_232' title='bbox 1373 4328 1522 4407; x_wconf 78' lang='lat' dir='ltr'>clivosa·</span> 
     </span>
    </p>
   </div>
   <div class='ocr_carea' id='block_1_7' title="bbox 0 0 1955 5759">
    <p class='ocr_par' dir='ltr' id='par_1_9' title="bbox 0 0 1955 5759">
     <span class='ocr_line' id='line_1_33' title="bbox 0 0 1955 5759; baseline 0 0"><span class='ocrx_word' id='word_1_233' title='bbox 0 0 1955 5759; x_wconf 95' lang='lat' dir='ltr'> </span> 
     </span>
    </p>
   </div>
  </div>
 </body>
</html>
