<?xml version="1.0" encoding="UTF-8"?>
<!DOCTYPE html PUBLIC "-//W3C//DTD XHTML 1.0 Transitional//EN"
    "http://www.w3.org/TR/xhtml1/DTD/xhtml1-transitional.dtd">
<html xmlns="http://www.w3.org/1999/xhtml" xml:lang="en" lang="en">
 <head>
  <title>
</title>
<meta http-equiv="Content-Type" content="text/html;charset=utf-8" />
  <meta name='ocr-system' content='tesseract 3.04.00' />
  <meta name='ocr-capabilities' content='ocr_page ocr_carea ocr_par ocr_line ocrx_word'/>
</head>
<body>
  <div class='ocr_page' id='page_1' title='image "./scriptoresreiru00gesngoog_0116.png"; bbox 0 0 3875 5759; ppageno 0'>
   <div class='ocr_carea' id='block_1_1' title="bbox 500 916 1365 1013">
    <p class='ocr_par' dir='ltr' id='par_1_1' title="bbox 500 916 1365 1013">
     <span class='ocr_line' id='line_1_1' title="bbox 500 916 1365 1013; baseline -0.003 -10"><span class='ocrx_word' id='word_1_1' title='bbox 500 916 1365 1013; x_wconf 67' lang='lat' dir='ltr'>mspnssnottuuthu</span> 
     </span>
    </p>
   </div>
   <div class='ocr_carea' id='block_1_2' title="bbox 392 1088 1493 2718">
    <p class='ocr_par' dir='ltr' id='par_1_2' title="bbox 392 1088 1461 1189">
     <span class='ocr_line' id='line_1_2' title="bbox 392 1088 1461 1189; baseline -0.005 -22"><span class='ocrx_word' id='word_1_2' title='bbox 392 1136 394 1139; x_wconf 56' lang='lat'>&lt;</span> <span class='ocrx_word' id='word_1_3' title='bbox 494 1092 596 1167; x_wconf 92' lang='lat' dir='ltr'>meris</span> <span class='ocrx_word' id='word_1_4' title='bbox 622 1091 866 1189; x_wconf 82' lang='lat' dir='ltr'>impleverunt.</span> <span class='ocrx_word' id='word_1_5' title='bbox 895 1089 1056 1162; x_wconf 79' lang='lat' dir='ltr'>nonnulli</span> <span class='ocrx_word' id='word_1_6' title='bbox 1086 1089 1179 1185; x_wconf 78' lang='lat' dir='ltr'>juxta</span> <span class='ocrx_word' id='word_1_7' title='bbox 1204 1089 1327 1165; x_wconf 88' lang='lat' dir='ltr'>cubilia</span> <span class='ocrx_word' id='word_1_8' title='bbox 1355 1088 1461 1185; x_wconf 89' lang='lat' dir='ltr'>talpa·</span> 
     </span>
    </p>

    <p class='ocr_par' dir='ltr' id='par_1_3' title="bbox 402 1191 1493 2062">
     <span class='ocr_line' id='line_1_3' title="bbox 452 1191 1461 1296; baseline -0.003 -24"><span class='ocrx_word' id='word_1_9' title='bbox 452 1194 455 1199; x_wconf 59' lang='grc'>’</span> <span class='ocrx_word' id='word_1_10' title='bbox 494 1204 568 1273; x_wconf 86' lang='lat' dir='ltr'>tut&#39;n</span> <span class='ocrx_word' id='word_1_11' title='bbox 588 1200 703 1296; x_wconf 88' lang='lat' dir='ltr'>plures</span> <span class='ocrx_word' id='word_1_12' title='bbox 727 1221 889 1274; x_wconf 78' lang='lat' dir='ltr'>cavernas</span> <span class='ocrx_word' id='word_1_13' title='bbox 909 1199 1090 1293; x_wconf 87' lang='lat' dir='ltr'>aperiunt,</span> <span class='ocrx_word' id='word_1_14' title='bbox 1107 1220 1145 1273; x_wconf 84' lang='lat' dir='ltr'>ut</span> <span class='ocrx_word' id='word_1_15' title='bbox 1168 1199 1235 1271; x_wconf 83' lang='lat' dir='ltr'>illae</span> <span class='ocrx_word' id='word_1_16' title='bbox 1257 1191 1382 1271; x_wconf 73' lang='lat' dir='ltr'>territae</span> <span class='ocrx_word' id='word_1_17' title='bbox 1405 1198 1461 1269; x_wconf 86' lang='lat' dir='ltr'>su·</span> 
     </span>
     <span class='ocr_line' id='line_1_4' title="bbox 494 1309 1462 1409; baseline 0.001 -28"><span class='ocrx_word' id='word_1_18' title='bbox 494 1310 588 1408; x_wconf 84' lang='lat' dir='ltr'>giant</span> <span class='ocrx_word' id='word_1_19' title='bbox 602 1309 845 1386; x_wconf 77' lang='lat' dir='ltr'>solis·admislu.</span> <span class='ocrx_word' id='word_1_20' title='bbox 867 1311 1019 1409; x_wconf 83' lang='lat' dir='ltr'>plerique</span> <span class='ocrx_word' id='word_1_21' title='bbox 1033 1312 1172 1409; x_wconf 89' lang='lat' dir='ltr'>laqueos</span> <span class='ocrx_word' id='word_1_22' title='bbox 1189 1312 1224 1383; x_wconf 95' lang='lat' dir='ltr'>in</span> <span class='ocrx_word' id='word_1_23' title='bbox 1238 1313 1329 1386; x_wconf 91' lang='lat' dir='ltr'>aditu</span> <span class='ocrx_word' id='word_1_24' title='bbox 1347 1323 1462 1385; x_wconf 89' lang='lat' dir='ltr'>earum</span> 
     </span>
     <span class='ocr_line' id='line_1_5' title="bbox 455 1420 1462 1517; baseline -0.001 -26"><span class='ocrx_word' id='word_1_25' title='bbox 455 1440 458 1445; x_wconf 79' lang='grc'>’</span> <span class='ocrx_word' id='word_1_26' title='bbox 493 1420 568 1492; x_wconf 88' lang='lat' dir='ltr'>setis</span> <span class='ocrx_word' id='word_1_27' title='bbox 592 1422 1091 1517; x_wconf 52' lang='lat' dir='ltr'>pendentibus‘ponunt.1Hoc</span> <span class='ocrx_word' id='word_1_28' title='bbox 1116 1424 1216 1496; x_wconf 91' lang='lat' dir='ltr'>etiam</span> <span class='ocrx_word' id='word_1_29' title='bbox 1239 1422 1351 1496; x_wconf 90' lang='lat' dir='ltr'>mense</span> <span class='ocrx_word' id='word_1_30' title='bbox 1370 1420 1462 1516; x_wconf 89' lang='lat' dir='ltr'>ulpi-</span> 
     </span>
     <span class='ocr_line' id='line_1_6' title="bbox 493 1527 1462 1628; baseline -0.001 -25"><span class='ocrx_word' id='word_1_31' title='bbox 493 1556 572 1613; x_wconf 87' lang='lat' dir='ltr'>cum</span> <span class='ocrx_word' id='word_1_32' title='bbox 598 1527 734 1607; x_wconf 71' lang='lat' dir='ltr'>bend&#39;&amp;</span> <span class='ocrx_word' id='word_1_33' title='bbox 748 1531 863 1606; x_wconf 85' lang='lat' dir='ltr'>allium</span> <span class='ocrx_word' id='word_1_34' title='bbox 884 1531 1050 1621; x_wconf 89' lang='lat' dir='ltr'>setemus,</span> <span class='ocrx_word' id='word_1_35' title='bbox 1066 1534 1103 1606; x_wconf 79' lang='lat' dir='ltr'>dr</span> <span class='ocrx_word' id='word_1_36' title='bbox 1127 1532 1297 1628; x_wconf 89' lang='lat' dir='ltr'>cepullas,</span> <span class='ocrx_word' id='word_1_37' title='bbox 1313 1536 1349 1607; x_wconf 91' lang='lat'><strong>&amp;</strong></span> <span class='ocrx_word' id='word_1_38' title='bbox 1364 1530 1462 1604; x_wconf 90' lang='lat' dir='ltr'>cuni·</span> 
     </span>
     <span class='ocr_line' id='line_1_7' title="bbox 492 1634 1463 1738; baseline 0.003 -29"><span class='ocrx_word' id='word_1_39' title='bbox 492 1636 562 1710; x_wconf 92' lang='lat' dir='ltr'>lam</span> <span class='ocrx_word' id='word_1_40' title='bbox 582 1636 669 1713; x_wconf 86' lang='lat' dir='ltr'>locis</span> <span class='ocrx_word' id='word_1_41' title='bbox 687 1638 834 1738; x_wconf 83' lang='lat' dir='ltr'>frigidis,</span> <span class='ocrx_word' id='word_1_42' title='bbox 848 1634 887 1713; x_wconf 73' lang='grc' dir='ltr'>δι</span> <span class='ocrx_word' id='word_1_43' title='bbox 900 1640 1071 1713; x_wconf 78' lang='lat' dir='ltr'>anethum.</span> <span class='ocrx_word' id='word_1_44' title='bbox 1096 1641 1200 1713; x_wconf 86' lang='lat' dir='ltr'>N&#39;unc</span> <span class='ocrx_word' id='word_1_45' title='bbox 1217 1642 1254 1714; x_wconf 75' lang='grc' dir='ltr'>δι</span> <span class='ocrx_word' id='word_1_46' title='bbox 1270 1640 1409 1734; x_wconf 88' lang='lat' dir='ltr'>sinapis,</span> <span class='ocrx_word' id='word_1_47' title='bbox 1424 1642 1463 1712; x_wconf 86' lang='lat'><strong>&amp;</strong></span> 
     </span>
     <span class='ocr_line' id='line_1_8' title="bbox 494 1745 1463 1843; baseline -0.004 -23"><span class='ocrx_word' id='word_1_48' title='bbox 494 1745 607 1820; x_wconf 89' lang='lat' dir='ltr'>caules</span> <span class='ocrx_word' id='word_1_49' title='bbox 622 1746 752 1843; x_wconf 89' lang='lat' dir='ltr'>optime</span> <span class='ocrx_word' id='word_1_50' title='bbox 773 1747 954 1835; x_wconf 87' lang='lat' dir='ltr'>seruntur,</span> <span class='ocrx_word' id='word_1_51' title='bbox 971 1748 1030 1843; x_wconf 83' lang='lat' dir='ltr'>vel</span> <span class='ocrx_word' id='word_1_52' title='bbox 1052 1746 1267 1843; x_wconf 76' lang='lat' dir='ltr'>plantantur:</span> <span class='ocrx_word' id='word_1_53' title='bbox 1286 1750 1323 1821; x_wconf 71' lang='grc' dir='ltr'>ὅ(</span> <span class='ocrx_word' id='word_1_54' title='bbox 1347 1748 1463 1818; x_wconf 91' lang='lat' dir='ltr'>malva</span> 
     </span>
     <span class='ocr_line' id='line_1_9' title="bbox 495 1840 1464 1953; baseline 0.003 -29"><span class='ocrx_word' id='word_1_55' title='bbox 495 1840 615 1927; x_wconf 61' lang='lat' dir='ltr'>secitur</span> <span class='ocrx_word' id='word_1_56' title='bbox 632 1857 906 1944; x_wconf 60' lang='lat' dir='ltr'>&amp;=atmoracea,</span> <span class='ocrx_word' id='word_1_57' title='bbox 922 1859 958 1931; x_wconf 88' lang='lat'>&amp;</span> <span class='ocrx_word' id='word_1_58' title='bbox 974 1853 1108 1953; x_wconf 86' lang='lat' dir='ltr'>origani</span> <span class='ocrx_word' id='word_1_59' title='bbox 1122 1852 1235 1951; x_wconf 87' lang='lat' dir='ltr'>planta</span> <span class='ocrx_word' id='word_1_60' title='bbox 1254 1852 1464 1928; x_wconf 86' lang='lat' dir='ltr'>transfertur.</span> 
     </span>
     <span class='ocr_line' id='line_1_10' title="bbox 402 1961 1493 2062; baseline -0.003 -27"><span class='ocrx_word' id='word_1_61' title='bbox 402 2021 404 2027; x_wconf 89' lang='lat'><em>.</em></span> <span class='ocrx_word' id='word_1_62' title='bbox 494 1964 617 2039; x_wconf 75' lang='lat' dir='ltr'>ladluca</span> <span class='ocrx_word' id='word_1_63' title='bbox 635 1970 673 2040; x_wconf 70' lang='grc' dir='ltr'>ὅ(</span> <span class='ocrx_word' id='word_1_64' title='bbox 692 1966 768 2040; x_wconf 87' lang='lat' dir='ltr'>beta</span> <span class='ocrx_word' id='word_1_65' title='bbox 782 1969 846 2055; x_wconf 65' lang='grc' dir='ltr'>,ἀ</span> <span class='ocrx_word' id='word_1_66' title='bbox 860 1981 1004 2061; x_wconf 85' lang='lat' dir='ltr'>porrus,</span> <span class='ocrx_word' id='word_1_67' title='bbox 1016 1968 1053 2040; x_wconf 75' lang='grc' dir='ltr'>δι</span> <span class='ocrx_word' id='word_1_68' title='bbox 1070 1962 1223 2062; x_wconf 84' lang='lat' dir='ltr'>cappatis</span> <span class='ocrx_word' id='word_1_69' title='bbox 1235 1961 1296 2035; x_wconf 90' lang='lat' dir='ltr'>seri</span> <span class='ocrx_word' id='word_1_70' title='bbox 1309 1962 1464 2058; x_wconf 87' lang='lat' dir='ltr'>possunt,</span> <span class='ocrx_word' id='word_1_71' title='bbox 1491 2028 1493 2032; x_wconf 87' lang='lat'>.</span> 
     </span>
    </p>

    <p class='ocr_par' dir='ltr' id='par_1_4' title="bbox 445 2072 1467 2718">
     <span class='ocr_line' id='line_1_11' title="bbox 445 2072 1463 2169; baseline -0.003 -22"><span class='ocrx_word' id='word_1_72' title='bbox 445 2099 448 2103; x_wconf 83' lang='lat'>·</span> <span class='ocrx_word' id='word_1_73' title='bbox 495 2076 533 2147; x_wconf 78' lang='grc' dir='ltr'>δι</span> <span class='ocrx_word' id='word_1_74' title='bbox 561 2076 751 2164; x_wconf 79' lang='lat' dir='ltr'>colocasia,</span> <span class='ocrx_word' id='word_1_75' title='bbox 777 2078 816 2148; x_wconf 79' lang='grc' dir='ltr'>δι</span> <span class='ocrx_word' id='word_1_76' title='bbox 841 2074 1007 2169; x_wconf 74' lang='lat' dir='ltr'>satureia,</span> <span class='ocrx_word' id='word_1_77' title='bbox 1033 2077 1071 2149; x_wconf 88' lang='lat'>&amp;</span> <span class='ocrx_word' id='word_1_78' title='bbox 1098 2072 1313 2147; x_wconf 81' lang='lat' dir='ltr'>nasturcium.</span> <span class='ocrx_word' id='word_1_79' title='bbox 1342 2072 1463 2169; x_wconf 85' lang='lat' dir='ltr'>intyba</span> 
     </span>
     <span class='ocr_line' id='line_1_12' title="bbox 494 2182 1465 2280; baseline -0.005 -24"><span class='ocrx_word' id='word_1_80' title='bbox 494 2182 594 2256; x_wconf 90' lang='lat' dir='ltr'>etiam</span> <span class='ocrx_word' id='word_1_81' title='bbox 609 2187 646 2258; x_wconf 78' lang='grc' dir='ltr'>δι</span> <span class='ocrx_word' id='word_1_82' title='bbox 663 2184 834 2278; x_wconf 83' lang='lat' dir='ltr'>raphanos</span> <span class='ocrx_word' id='word_1_83' title='bbox 849 2208 941 2255; x_wconf 88' lang='lat' dir='ltr'>nunc</span> <span class='ocrx_word' id='word_1_84' title='bbox 959 2183 1066 2280; x_wconf 85' lang='lat' dir='ltr'>aliqui</span> <span class='ocrx_word' id='word_1_85' title='bbox 1085 2182 1217 2271; x_wconf 86' lang='lat' dir='ltr'>serunt,</span> <span class='ocrx_word' id='word_1_86' title='bbox 1232 2182 1465 2279; x_wconf 82' lang='lat' dir='ltr'>quibusutan·</span> 
     </span>
     <span class='ocr_line' id='line_1_13' title="bbox 495 2285 1465 2363; baseline -0.001 -3"><span class='ocrx_word' id='word_1_87' title='bbox 495 2310 551 2361; x_wconf 90' lang='lat' dir='ltr'>tut</span> <span class='ocrx_word' id='word_1_88' title='bbox 567 2291 690 2363; x_wconf 84' lang='lat' dir='ltr'>aeslate.</span> <span class='ocrx_word' id='word_1_89' title='bbox 708 2294 811 2363; x_wconf 89' lang='lat' dir='ltr'>Nunc</span> <span class='ocrx_word' id='word_1_90' title='bbox 828 2291 980 2362; x_wconf 85' lang='lat' dir='ltr'>melones</span> <span class='ocrx_word' id='word_1_91' title='bbox 996 2289 1124 2361; x_wconf 91' lang='lat' dir='ltr'>serendi</span> <span class='ocrx_word' id='word_1_92' title='bbox 1139 2290 1257 2361; x_wconf 89' lang='lat' dir='ltr'>rarius.</span> <span class='ocrx_word' id='word_1_93' title='bbox 1273 2285 1395 2360; x_wconf 87' lang='lat' dir='ltr'>distent</span> <span class='ocrx_word' id='word_1_94' title='bbox 1409 2289 1465 2360; x_wconf 89' lang='lat' dir='ltr'>in·</span> 
     </span>
     <span class='ocr_line' id='line_1_14' title="bbox 494 2396 1465 2493; baseline -0.001 -22"><span class='ocrx_word' id='word_1_95' title='bbox 494 2418 546 2471; x_wconf 90' lang='lat' dir='ltr'>ter</span> <span class='ocrx_word' id='word_1_96' title='bbox 561 2397 593 2484; x_wconf 88' lang='lat' dir='ltr'>se</span> <span class='ocrx_word' id='word_1_97' title='bbox 603 2396 726 2470; x_wconf 88' lang='lat' dir='ltr'>semina</span> <span class='ocrx_word' id='word_1_98' title='bbox 736 2398 877 2493; x_wconf 88' lang='lat' dir='ltr'>pedibus</span> <span class='ocrx_word' id='word_1_99' title='bbox 891 2397 1042 2478; x_wconf 86' lang='lat' dir='ltr'>duobus,</span> <span class='ocrx_word' id='word_1_100' title='bbox 1056 2398 1142 2470; x_wconf 91' lang='lat' dir='ltr'>locis</span> <span class='ocrx_word' id='word_1_101' title='bbox 1164 2399 1319 2486; x_wconf 63' lang='lat' dir='ltr'>subactis,</span> <span class='ocrx_word' id='word_1_102' title='bbox 1334 2399 1388 2469; x_wconf 88' lang='lat' dir='ltr'>vel</span> <span class='ocrx_word' id='word_1_103' title='bbox 1405 2425 1465 2493; x_wconf 88' lang='lat' dir='ltr'>pa·</span> 
     </span>
     <span class='ocr_line' id='line_1_15' title="bbox 495 2494 1467 2602; baseline 0.002 -21"><span class='ocrx_word' id='word_1_104' title='bbox 495 2508 644 2597; x_wconf 83' lang='lat' dir='ltr'>stinatis,</span> <span class='ocrx_word' id='word_1_105' title='bbox 658 2507 805 2581; x_wconf 84' lang='lat' dir='ltr'>maxime</span> <span class='ocrx_word' id='word_1_106' title='bbox 829 2494 950 2582; x_wconf 73' lang='lat' dir='ltr'>arenis.¹</span> <span class='ocrx_word' id='word_1_107' title='bbox 971 2507 1096 2580; x_wconf 89' lang='lat' dir='ltr'>semina</span> <span class='ocrx_word' id='word_1_108' title='bbox 1114 2507 1185 2602; x_wconf 85' lang='lat' dir='ltr'>ejus</span> <span class='ocrx_word' id='word_1_109' title='bbox 1204 2508 1314 2583; x_wconf 90' lang='lat' dir='ltr'>mulso</span> <span class='ocrx_word' id='word_1_110' title='bbox 1330 2512 1467 2584; x_wconf 78' lang='lat' dir='ltr'>&amp;lade</span> 
     </span>
     <span class='ocr_line' id='line_1_16' title="bbox 495 2603 1467 2718; baseline 0.002 -25"><span class='ocrx_word' id='word_1_111' title='bbox 495 2645 555 2718; x_wconf 87' lang='lat' dir='ltr'>per</span> <span class='ocrx_word' id='word_1_112' title='bbox 578 2603 728 2694; x_wconf 78' lang='lat' dir='ltr'>triduum</span> <span class='ocrx_word' id='word_1_113' title='bbox 752 2619 949 2693; x_wconf 86' lang='lat' dir='ltr'>maceranda</span> <span class='ocrx_word' id='word_1_114' title='bbox 969 2618 1065 2708; x_wconf 89' lang='lat' dir='ltr'>sunt,</span> <span class='ocrx_word' id='word_1_115' title='bbox 1088 2622 1127 2694; x_wconf 73' lang='grc' dir='ltr'>δι</span> <span class='ocrx_word' id='word_1_116' title='bbox 1148 2629 1231 2693; x_wconf 81' lang='lat' dir='ltr'>tunc</span> <span class='ocrx_word' id='word_1_117' title='bbox 1253 2620 1319 2713; x_wconf 87' lang='lat' dir='ltr'>jam</span> <span class='ocrx_word' id='word_1_118' title='bbox 1348 2623 1467 2695; x_wconf 73' lang='lat' dir='ltr'>siccata</span> 
     </span>
    </p>
   </div>
   <div class='ocr_carea' id='block_1_3' title="bbox 325 2713 1466 2826">
    <p class='ocr_par' dir='ltr' id='par_1_5' title="bbox 325 2713 1466 2826">
     <span class='ocr_line' id='line_1_17' title="bbox 325 2713 1466 2826; baseline 0.009 -33"><span class='ocrx_word' id='word_1_119' title='bbox 325 2733 329 2742; x_wconf 83' lang='lat'>&#39;</span> <span class='ocrx_word' id='word_1_120' title='bbox 379 2771 382 2776; x_wconf 90' lang='lat'><em>-</em></span> <span class='ocrx_word' id='word_1_121' title='bbox 495 2730 680 2826; x_wconf 86' lang='lat' dir='ltr'>ponenda:</span> <span class='ocrx_word' id='word_1_122' title='bbox 703 2727 784 2801; x_wconf 88' lang='lat' dir='ltr'>hinc</span> <span class='ocrx_word' id='word_1_123' title='bbox 815 2728 933 2801; x_wconf 86' lang='lat' dir='ltr'>suaves</span> <span class='ocrx_word' id='word_1_124' title='bbox 950 2713 1159 2801; x_wconf 60' lang='lat' dir='ltr'>efficientur,</span> <span class='ocrx_word' id='word_1_125' title='bbox 1188 2729 1325 2802; x_wconf 81' lang='lat' dir='ltr'>odorati</span> <span class='ocrx_word' id='word_1_126' title='bbox 1354 2750 1466 2803; x_wconf 91' lang='lat' dir='ltr'>autem</span> 
     </span>
    </p>
   </div>
   <div class='ocr_carea' id='block_1_4' title="bbox 494 2835 1468 3368">
    <p class='ocr_par' dir='ltr' id='par_1_6' title="bbox 494 2835 1468 3368">
     <span class='ocr_line' id='line_1_18' title="bbox 497 2835 1467 2935; baseline 0.001 -26"><span class='ocrx_word' id='word_1_127' title='bbox 497 2836 638 2935; x_wconf 87' lang='lat' dir='ltr'>[fiunt‚]</span> <span class='ocrx_word' id='word_1_128' title='bbox 660 2836 822 2909; x_wconf 83' lang='lat' dir='ltr'>steorum</span> <span class='ocrx_word' id='word_1_129' title='bbox 844 2835 970 2908; x_wconf 91' lang='lat' dir='ltr'>semina</span> <span class='ocrx_word' id='word_1_130' title='bbox 995 2837 1111 2910; x_wconf 88' lang='lat' dir='ltr'>multis</span> <span class='ocrx_word' id='word_1_131' title='bbox 1131 2838 1247 2912; x_wconf 88' lang='lat' dir='ltr'>diebus</span> <span class='ocrx_word' id='word_1_132' title='bbox 1271 2840 1359 2911; x_wconf 75' lang='lat' dir='ltr'>intes</span> <span class='ocrx_word' id='word_1_133' title='bbox 1382 2839 1467 2911; x_wconf 79' lang='lat' dir='ltr'>rosae</span> 
     </span>
     <span class='ocr_line' id='line_1_19' title="bbox 494 2944 1468 3041; baseline 0.001 -23"><span class='ocrx_word' id='word_1_134' title='bbox 494 2946 580 3019; x_wconf 90' lang='lat' dir='ltr'>solia</span> <span class='ocrx_word' id='word_1_135' title='bbox 596 2947 683 3019; x_wconf 90' lang='lat' dir='ltr'>sicca</span> <span class='ocrx_word' id='word_1_136' title='bbox 697 2964 902 3041; x_wconf 82' lang='lat' dir='ltr'>mergantur.</span> <span class='ocrx_word' id='word_1_137' title='bbox 921 2944 1026 3018; x_wconf 87' lang='lat' dir='ltr'>Nunc</span> <span class='ocrx_word' id='word_1_138' title='bbox 1039 2948 1077 3018; x_wconf 87' lang='lat'>&amp;</span> <span class='ocrx_word' id='word_1_139' title='bbox 1092 2964 1287 3019; x_wconf 87' lang='lat' dir='ltr'>cucumeres</span> <span class='ocrx_word' id='word_1_140' title='bbox 1302 2948 1468 3019; x_wconf 83' lang='lat' dir='ltr'>seminan-</span> 
     </span>
     <span class='ocr_line' id='line_1_20' title="bbox 497 3053 1466 3150; baseline -0.001 -23"><span class='ocrx_word' id='word_1_141' title='bbox 497 3074 573 3145; x_wconf 86' lang='lat' dir='ltr'>tur,</span> <span class='ocrx_word' id='word_1_142' title='bbox 594 3079 667 3128; x_wconf 88' lang='lat' dir='ltr'>rare</span> <span class='ocrx_word' id='word_1_143' title='bbox 687 3053 789 3127; x_wconf 88' lang='lat' dir='ltr'>sulcis</span> <span class='ocrx_word' id='word_1_144' title='bbox 803 3053 918 3141; x_wconf 78' lang='lat' dir='ltr'>fadis,</span> <span class='ocrx_word' id='word_1_145' title='bbox 939 3054 1117 3126; x_wconf 84' lang='lat' dir='ltr'>altitudine</span> <span class='ocrx_word' id='word_1_146' title='bbox 1131 3053 1372 3150; x_wconf 87' lang='lat' dir='ltr'>sesquipedali,</span> <span class='ocrx_word' id='word_1_147' title='bbox 1389 3057 1466 3128; x_wconf 89' lang='lat' dir='ltr'>lati·</span> 
     </span>
     <span class='ocr_line' id='line_1_21' title="bbox 497 3160 1467 3260; baseline -0.003 -23"><span class='ocrx_word' id='word_1_148' title='bbox 497 3163 616 3237; x_wconf 89' lang='lat' dir='ltr'>tudine</span> <span class='ocrx_word' id='word_1_149' title='bbox 635 3165 758 3260; x_wconf 90' lang='lat' dir='ltr'>pedum</span> <span class='ocrx_word' id='word_1_150' title='bbox 782 3164 895 3236; x_wconf 88' lang='lat' dir='ltr'>trium.</span> <span class='ocrx_word' id='word_1_151' title='bbox 919 3161 1009 3234; x_wconf 86' lang='lat' dir='ltr'>inter</span> <span class='ocrx_word' id='word_1_152' title='bbox 1023 3160 1136 3233; x_wconf 84' lang='lat' dir='ltr'>sulcos</span> <span class='ocrx_word' id='word_1_153' title='bbox 1151 3183 1224 3233; x_wconf 82' lang='lat' dir='ltr'>vm</span> <span class='ocrx_word' id='word_1_154' title='bbox 1244 3163 1369 3258; x_wconf 89' lang='lat' dir='ltr'>pedum</span> <span class='ocrx_word' id='word_1_155' title='bbox 1393 3162 1467 3257; x_wconf 90' lang='lat' dir='ltr'>spa-</span> 
     </span>
     <span class='ocr_line' id='line_1_22' title="bbox 498 3268 1468 3368; baseline -0.004 -23"><span class='ocrx_word' id='word_1_156' title='bbox 498 3275 584 3346; x_wconf 86' lang='lat' dir='ltr'>tium</span> <span class='ocrx_word' id='word_1_157' title='bbox 604 3274 746 3347; x_wconf 88' lang='lat' dir='ltr'>crudum</span> <span class='ocrx_word' id='word_1_158' title='bbox 766 3272 958 3368; x_wconf 81' lang='lat' dir='ltr'>relinques,</span> <span class='ocrx_word' id='word_1_159' title='bbox 977 3269 1036 3342; x_wconf 91' lang='lat' dir='ltr'>ubi</span> <span class='ocrx_word' id='word_1_160' title='bbox 1060 3269 1187 3365; x_wconf 81' lang='lat' dir='ltr'>possint</span> <span class='ocrx_word' id='word_1_161' title='bbox 1210 3269 1334 3366; x_wconf 85' lang='lat' dir='ltr'>vagari.</span> <span class='ocrx_word' id='word_1_162' title='bbox 1355 3268 1468 3341; x_wconf 84' lang='lat' dir='ltr'>herbis</span> 
     </span>
    </p>
   </div>
   <div class='ocr_carea' id='block_1_5' title="bbox 391 3378 1468 3479">
    <p class='ocr_par' dir='ltr' id='par_1_7' title="bbox 391 3378 1468 3479">
     <span class='ocr_line' id='line_1_23' title="bbox 391 3378 1468 3479; baseline -0.005 -23"><span class='ocrx_word' id='word_1_163' title='bbox 391 3403 393 3410; x_wconf 81' lang='grc'><em>’</em></span> <span class='ocrx_word' id='word_1_164' title='bbox 499 3382 684 3479; x_wconf 77' lang='lat' dir='ltr'>iuvantur,</span> <span class='ocrx_word' id='word_1_165' title='bbox 699 3384 778 3455; x_wconf 92' lang='lat' dir='ltr'>ideo</span> <span class='ocrx_word' id='word_1_166' title='bbox 793 3382 925 3456; x_wconf 91' lang='lat' dir='ltr'>sarculo</span> <span class='ocrx_word' id='word_1_167' title='bbox 939 3383 977 3454; x_wconf 79' lang='lat' dir='ltr'>dc</span> <span class='ocrx_word' id='word_1_168' title='bbox 989 3380 1202 3453; x_wconf 86' lang='lat' dir='ltr'>&#39;runcatione</span> <span class='ocrx_word' id='word_1_169' title='bbox 1218 3378 1468 3478; x_wconf 67' lang='lat' dir='ltr'>non‘indigent.</span> 
     </span>
    </p>
   </div>
   <div class='ocr_carea' id='block_1_6' title="bbox 499 3488 1486 4354">
    <p class='ocr_par' dir='ltr' id='par_1_8' title="bbox 499 3488 1486 4354">
     <span class='ocr_line' id='line_1_24' title="bbox 500 3488 1468 3578; baseline -0.004 -15"><span class='ocrx_word' id='word_1_170' title='bbox 500 3491 627 3563; x_wconf 89' lang='lat' dir='ltr'>semina</span> <span class='ocrx_word' id='word_1_171' title='bbox 650 3492 671 3562; x_wconf 86' lang='lat' dir='ltr'>st</span> <span class='ocrx_word' id='word_1_172' title='bbox 690 3492 806 3563; x_wconf 90' lang='lat' dir='ltr'>ovillo</span> <span class='ocrx_word' id='word_1_173' title='bbox 821 3491 904 3562; x_wconf 73' lang='lat' dir='ltr'>lade</span> <span class='ocrx_word' id='word_1_174' title='bbox 921 3492 958 3563; x_wconf 78' lang='grc' dir='ltr'>δι</span> <span class='ocrx_word' id='word_1_175' title='bbox 974 3488 1261 3578; x_wconf 84' lang='lat' dir='ltr'>mulsa-maceres,</span> <span class='ocrx_word' id='word_1_176' title='bbox 1276 3488 1391 3561; x_wconf 87' lang='lat' dir='ltr'>dulces</span> <span class='ocrx_word' id='word_1_177' title='bbox 1405 3515 1468 3560; x_wconf 89' lang='lat' dir='ltr'>na·</span> 
     </span>
     <span class='ocr_line' id='line_1_25' title="bbox 499 3598 1466 3698; baseline 0.003 -27"><span class='ocrx_word' id='word_1_178' title='bbox 499 3601 634 3673; x_wconf 88' lang='lat' dir='ltr'>scentur</span> <span class='ocrx_word' id='word_1_179' title='bbox 653 3600 691 3673; x_wconf 87' lang='lat'><strong>&amp;</strong></span> <span class='ocrx_word' id='word_1_180' title='bbox 713 3599 858 3673; x_wconf 88' lang='lat' dir='ltr'>candidi.</span> <span class='ocrx_word' id='word_1_181' title='bbox 882 3599 977 3697; x_wconf 84' lang='lat' dir='ltr'>longi</span> <span class='ocrx_word' id='word_1_182' title='bbox 998 3603 1038 3676; x_wconf 75' lang='grc' dir='ltr'>δι</span> <span class='ocrx_word' id='word_1_183' title='bbox 1056 3603 1162 3674; x_wconf 88' lang='lat' dir='ltr'>teneti</span> <span class='ocrx_word' id='word_1_184' title='bbox 1179 3598 1328 3692; x_wconf 83' lang='lat' dir='ltr'>siunt,s1</span> <span class='ocrx_word' id='word_1_185' title='bbox 1347 3626 1466 3698; x_wconf 87' lang='lat' dir='ltr'>aquam</span> 
     </span>
     <span class='ocr_line' id='line_1_26' title="bbox 499 3708 1486 3806; baseline -0.002 -25"><span class='ocrx_word' id='word_1_186' title='bbox 499 3709 536 3781; x_wconf 91' lang='lat' dir='ltr'>in</span> <span class='ocrx_word' id='word_1_187' title='bbox 552 3708 681 3806; x_wconf 89' lang='lat' dir='ltr'>patenti</span> <span class='ocrx_word' id='word_1_188' title='bbox 696 3708 835 3783; x_wconf 87' lang='lat' dir='ltr'>vasculo</span> <span class='ocrx_word' id='word_1_189' title='bbox 851 3709 910 3781; x_wconf 94' lang='lat' dir='ltr'>sub</span> <span class='ocrx_word' id='word_1_190' title='bbox 926 3709 974 3781; x_wconf 85' lang='lat' dir='ltr'>eis</span> <span class='ocrx_word' id='word_1_191' title='bbox 988 3734 1116 3805; x_wconf 89' lang='lat' dir='ltr'>ponas,</span> <span class='ocrx_word' id='word_1_192' title='bbox 1130 3710 1266 3783; x_wconf 89' lang='lat' dir='ltr'>duobus</span> <span class='ocrx_word' id='word_1_193' title='bbox 1281 3708 1398 3806; x_wconf 89' lang='lat' dir='ltr'>palmis</span> <span class='ocrx_word' id='word_1_194' title='bbox 1412 3709 1466 3779; x_wconf 93' lang='lat' dir='ltr'>in·</span> <span class='ocrx_word' id='word_1_195' title='bbox 1483 3720 1486 3724; x_wconf 82' lang='grc'><em>“</em></span> 
     </span>
     <span class='ocr_line' id='line_1_27' title="bbox 500 3816 1467 3915; baseline -0.002 -24"><span class='ocrx_word' id='word_1_196' title='bbox 500 3818 679 3905; x_wconf 86' lang='lat' dir='ltr'>seriorem,</span> <span class='ocrx_word' id='word_1_197' title='bbox 692 3818 734 3891; x_wconf 88' lang='lat' dir='ltr'>ad</span> <span class='ocrx_word' id='word_1_198' title='bbox 754 3843 854 3915; x_wconf 89' lang='lat' dir='ltr'>quam</span> <span class='ocrx_word' id='word_1_199' title='bbox 874 3816 1064 3894; x_wconf 85' lang='lat' dir='ltr'>festinando</span> <span class='ocrx_word' id='word_1_200' title='bbox 1077 3820 1161 3893; x_wconf 87' lang='lat' dir='ltr'>tales</span> <span class='ocrx_word' id='word_1_201' title='bbox 1174 3819 1373 3893; x_wconf 89' lang='lat' dir='ltr'>efficientur.</span> <span class='ocrx_word' id='word_1_202' title='bbox 1389 3817 1467 3889; x_wconf 82' lang='lat' dir='ltr'>Sine</span> 
     </span>
     <span class='ocr_line' id='line_1_28' title="bbox 501 3927 1469 4025; baseline -0.002 -24"><span class='ocrx_word' id='word_1_203' title='bbox 501 3929 628 4003; x_wconf 85' lang='lat' dir='ltr'>semine</span> <span class='ocrx_word' id='word_1_204' title='bbox 637 3928 830 4018; x_wconf 91' lang='lat' dir='ltr'>nascentur,</span> <span class='ocrx_word' id='word_1_205' title='bbox 842 3930 864 4001; x_wconf 84' lang='lat' dir='ltr'>st</span> <span class='ocrx_word' id='word_1_206' title='bbox 876 3928 967 4025; x_wconf 85' lang='lat' dir='ltr'>prius</span> <span class='ocrx_word' id='word_1_207' title='bbox 980 3943 1101 4004; x_wconf 90' lang='lat' dir='ltr'>eorum</span> <span class='ocrx_word' id='word_1_208' title='bbox 1114 3929 1238 4003; x_wconf 91' lang='lat' dir='ltr'>semina</span> <span class='ocrx_word' id='word_1_209' title='bbox 1247 3929 1328 4000; x_wconf 82' lang='lat' dir='ltr'>oleo</span> <span class='ocrx_word' id='word_1_210' title='bbox 1340 3927 1469 3999; x_wconf 84' lang='lat' dir='ltr'>Sabino</span> 
     </span>
     <span class='ocr_line' id='line_1_29' title="bbox 501 4034 1468 4137; baseline -0.003 -25"><span class='ocrx_word' id='word_1_211' title='bbox 501 4057 753 4136; x_wconf 83' lang='lat' dir='ltr'>perungantur,</span> <span class='ocrx_word' id='word_1_212' title='bbox 767 4040 804 4112; x_wconf 75' lang='grc' dir='ltr'>δι</span> <span class='ocrx_word' id='word_1_213' title='bbox 820 4038 928 4112; x_wconf 89' lang='lat' dir='ltr'>hetba-</span> <span class='ocrx_word' id='word_1_214' title='bbox 943 4063 1001 4129; x_wconf 92' lang='lat' dir='ltr'>ea,</span> <span class='ocrx_word' id='word_1_215' title='bbox 1015 4064 1091 4137; x_wconf 83' lang='lat' dir='ltr'>quae</span> <span class='ocrx_word' id='word_1_216' title='bbox 1113 4039 1212 4114; x_wconf 88' lang='lat' dir='ltr'>culex</span> <span class='ocrx_word' id='word_1_217' title='bbox 1231 4034 1375 4125; x_wconf 87' lang='lat' dir='ltr'>dicitur,</span> <span class='ocrx_word' id='word_1_218' title='bbox 1389 4036 1468 4109; x_wconf 90' lang='lat' dir='ltr'>trita</span> 
     </span>
     <span class='ocr_line' id='line_1_30' title="bbox 502 4143 1468 4244; baseline -0.003 -25"><span class='ocrx_word' id='word_1_219' title='bbox 502 4146 748 4219; x_wconf 86' lang='lat' dir='ltr'>confricentur.</span> <span class='ocrx_word' id='word_1_220' title='bbox 769 4146 883 4244; x_wconf 84' lang='lat' dir='ltr'>Aliqui</span> <span class='ocrx_word' id='word_1_221' title='bbox 896 4143 1018 4222; x_wconf 88' lang='lat' dir='ltr'>florem</span> <span class='ocrx_word' id='word_1_222' title='bbox 1039 4148 1228 4221; x_wconf 86' lang='lat' dir='ltr'>cucumeris</span> <span class='ocrx_word' id='word_1_223' title='bbox 1246 4172 1325 4221; x_wconf 88' lang='lat' dir='ltr'>curn</span> <span class='ocrx_word' id='word_1_224' title='bbox 1342 4145 1468 4219; x_wconf 68' lang='lat' dir='ltr'>vilieu·-</span> 
     </span>
     <span class='ocr_line' id='line_1_31' title="bbox 503 4255 1468 4354; baseline 0.002 -30"><span class='ocrx_word' id='word_1_225' title='bbox 503 4255 545 4325; x_wconf 79' lang='lat' dir='ltr'>1ae</span> <span class='ocrx_word' id='word_1_226' title='bbox 560 4255 624 4327; x_wconf 84' lang='lat' dir='ltr'>suae</span> <span class='ocrx_word' id='word_1_227' title='bbox 646 4255 757 4353; x_wconf 89' lang='lat' dir='ltr'>capite</span> <span class='ocrx_word' id='word_1_228' title='bbox 771 4280 888 4329; x_wconf 81' lang='lat' dir='ltr'>cannae</span> <span class='ocrx_word' id='word_1_229' title='bbox 900 4257 1071 4347; x_wconf 86' lang='lat' dir='ltr'>inserunt,</span> <span class='ocrx_word' id='word_1_230' title='bbox 1087 4258 1143 4331; x_wconf 90' lang='lat' dir='ltr'>cui</span> <span class='ocrx_word' id='word_1_231' title='bbox 1156 4256 1248 4354; x_wconf 90' lang='lat' dir='ltr'>prius</span> <span class='ocrx_word' id='word_1_232' title='bbox 1265 4279 1385 4328; x_wconf 89' lang='lat' dir='ltr'>omnes</span> <span class='ocrx_word' id='word_1_233' title='bbox 1401 4279 1468 4326; x_wconf 90' lang='lat' dir='ltr'>no·</span> 
     </span>
    </p>
   </div>
   <div class='ocr_carea' id='block_1_7' title="bbox 505 4362 1468 4463">
    <p class='ocr_par' dir='ltr' id='par_1_9' title="bbox 505 4362 1468 4463">
     <span class='ocr_line' id='line_1_32' title="bbox 505 4362 1468 4463; baseline 0.001 -28"><span class='ocrx_word' id='word_1_234' title='bbox 505 4363 568 4438; x_wconf 91' lang='lat' dir='ltr'>dos</span> <span class='ocrx_word' id='word_1_235' title='bbox 582 4364 854 4463; x_wconf 84' lang='lat' dir='ltr'>perforavetiut:</span> <span class='ocrx_word' id='word_1_236' title='bbox 871 4365 920 4441; x_wconf 89' lang='lat' dir='ltr'>ibi</span> <span class='ocrx_word' id='word_1_237' title='bbox 934 4365 1088 4444; x_wconf 83' lang='lat' dir='ltr'>cucumis</span> <span class='ocrx_word' id='word_1_238' title='bbox 1108 4366 1260 4445; x_wconf 87' lang='lat' dir='ltr'>nascetur</span> <span class='ocrx_word' id='word_1_239' title='bbox 1277 4365 1314 4441; x_wconf 89' lang='lat' dir='ltr'>in</span> <span class='ocrx_word' id='word_1_240' title='bbox 1330 4362 1468 4439; x_wconf 86' lang='lat' dir='ltr'>nimiam</span> 
     </span>
    </p>
   </div>
   <div class='ocr_carea' id='block_1_8' title="bbox 0 0 1953 5759">
    <p class='ocr_par' dir='ltr' id='par_1_10' title="bbox 0 0 1953 5759">
     <span class='ocr_line' id='line_1_33' title="bbox 0 0 1953 5759; baseline 0 0"><span class='ocrx_word' id='word_1_241' title='bbox 0 0 1953 5759; x_wconf 95' lang='lat' dir='ltr'> </span> 
     </span>
    </p>
   </div>
  </div>
 </body>
</html>
