3875 5759
480 849 556 947 ud4
671 844 1007 922 vacntrr
1056 842 1260 919 utut·

482 1011 641 1088 n'abiliter
659 1008 811 1094 relevat,
830 1005 877 1080 ita
899 1004 1085 1078 enormiter
1106 1005 1235 1080 ablatus
1259 1005 1370 1080 evitat
1392 1004 1454 1080 vel

484 1122 610 1198 turbat.
1202 1136 1206 1144 '
1422 1173 1424 1179 .

544 1229 727 1306 XXXVII.
754 1224 901 1300 Coasiio
921 1224 958 1298 in
985 1223 1187 1300 animalibus
1218 1226 1378 1325 passionis
1405 1224 1454 1299 est

487 1363 632 1424 nomen,
644 1361 687 1408 ex
698 1359 763 1431 qua
778 1334 1019 1433 aegritudinum
1034 1335 1166 1409 diversa
1179 1364 1300 1435 genera
1314 1337 1455 1410 nascun-

470 1450 566 1532 tur,
581 1444 659 1515 ideo
676 1441 722 1515 sic
742 1442 932 1538 appellata,
954 1443 1047 1539 quod
1063 1443 1106 1515 ab
1118 1442 1243 1539 injuria
1258 1445 1314 1520 vel
1337 1445 1455 1517 labore

422 1617 426 1628 .
487 1552 545 1629 vel
568 1576 610 1625 ex
633 1550 811 1625 coaslione
827 1551 1026 1649 contingat.
1052 1554 1201 1644 Quoties
1225 1557 1316 1632 enim
1339 1554 1455 1625 lassum

487 1663 612 1737 animal
634 1661 832 1761 fatigatione
855 1662 1006 1754 itineris,
1029 1663 1087 1737 vel
1117 1664 1288 1739 nimietate
1312 1663 1458 1751 cursus,

488 1774 550 1849 vel
571 1772 802 1871 magnitudine
821 1773 1034 1869 ponderum,
1054 1780 1134 1846 n'on
1150 1774 1296 1846 studiose
1317 1774 1457 1844 refove·
1509 1785 1511 1792 ‘

488 1895 571 1973 tur,
595 1881 653 1954 vel
669 1878 779 1954 allate
801 1879 918 1968 titire,
938 1879 997 1953 vel
1018 1880 1127 1953 hieme
1146 1880 1255 1976 algere
1275 1877 1460 1974 compelli·

491 2007 572 2081 tur,
594 1990 652 2064 vel
672 2009 763 2065 certe
783 1988 958 2088 penuriam
981 1989 1118 2063 sullinet
1137 1990 1228 2078 cibi,
1242 1987 1462 2066 aut'hordeo

491 2126 612 2191 novo,
627 2118 685 2173 aut
703 2100 804 2174 foeno
822 2100 963 2197 pessimo
983 2100 1142 2187 laeditut3
1166 2104 1203 2175 dc
1226 2124 1284 2196 per
1302 2098 1371 2169 dies
1395 2097 1465 2166 ali·

396 2293 398 2298 ,
493 2228 582 2309 quot
606 2210 698 2284 circa
716 2235 832 2284 curam
856 2210 928 2303 ejus
951 2209 1043 2283 nulla
1073 2210 1253 2284 adhibetur
1276 2205 1464 2283 industria:

494 2320 542 2396 fic
565 2317 669 2392 totius
692 2317 850 2416 corporis
870 2322 1112 2415 compago,&
1131 2319 1331 2391 interiorum
1354 2316 1463 2390 visce-

496 2452 570 2501 tum
586 2425 759 2521 dispofilio
773 2451 834 2521 per
846 2424 1003 2520 injuriam
1013 2424 1293 2525 &fatigationem
1313 2425 1464 2500 vitiatur.

462 2585 464 2589 -
544 2537 742 2611 XXXVlll.
763 2534 1082 2634 Exquacoasiione
1100 2537 1172 2612 haec
1193 2538 1381 2632 passionum
1402 2560 1464 2633 ge·

496 2672 579 2742 ⁷neta
599 2647 792 2723 nascuntur.
809 2651 861 2724 Ex
876 2646 1107 2743 permistione
1125 2646 1215 2720 enirn
1233 2645 1319 2718 siunt
1339 2647 1466 2744 episto·

498 2754 601 2840 mici,
621 2754 821 2853 podagrici,
845 2754 1012 2851 phthifici.
1037 2760 1090 2827 Ex
1110 2756 1190 2828 aestu
1214 2775 1325 2827 autem
1348 2755 1466 2827 evenit

500 2869 675 2963 gravedo,
693 2866 817 2958 febris,
837 2865 987 2956 insania,
1002 2866 1122 2962 capitis
1143 2861 1254 2939 dolos.
1270 2870 1321 2937 Ex
1345 2864 1467 2938 sudore

501 2974 614 3048 oritur
633 2993 748 3048 tumor
768 2976 803 3046 in
823 2975 1001 3063 cruribuS,
1018 2973 1159 3086 suffusio
1175 2975 1210 3045 in
1238 2974 1398 3070 pedibus,
1418 2973 1468 3045 se·

460 3137 462 3142 -
501 3084 594 3169 bris,
610 3085 755 3178 spasmus
765 3139 776 3173 ,
786 3088 823 3158 &
838 3084 939 3156 tussis.
954 3088 1006 3158 Ex
1019 3080 1161 3157 humore
1173 3109 1313 3182 quoque
1326 3137 1336 3173 ,
1352 3082 1410 3181 qui
1427 3085 1481 3155 de·

501 3191 641 3265 naribus
668 3194 835 3289 profluit,
854 3194 961 3289 palsro
988 3194 1186 3290 apertissima
1213 3196 1409 3270 declaratur.
1438 3198 1469 3265 Α

502 3304 648 3377 cerebro
661 3304 751 3375 enim
774 3303 832 3375 vel
852 3327 871 3374 a
888 3301 999 3397 capite
1014 3302 1111 3379 venit
1131 3303 1236 3376 multa
1259 3304 1379 3400 pituita
1394 3327 1470 3376 cte·

503 3411 564 3485 bra
573 3414 610 3486 δι
621 3410 724 3507 spissa.
735 3411 766 3482 A
778 3408 1007 3506 perslridlione
1017 3410 1081 3484 erit
1095 3410 1217 3484 humor
1230 3411 1354 3499 tenuis,
1368 3434 1469 3506 aqua·

502 3518 615 3611 ticus,
638 3524 675 3594 δι
691 3518 854 3617 frigidus:
872 3543 916 3592 ex
943 3544 1010 3617 qua
1036 3544 1073 3594 re
1090 3518 1179 3594 fiunt
1200 3521 1405 3618 coriaginosr
1431 3522 1469 3593 dc

356 3627 364 3644 ¹
489 3628 629 3731 reparici
651 3630 690 3702 δι
709 3628 874 3726 phthisici.
892 3632 922 3700 A
937 3621 1070 3704 colibus
1087 3632 1125 3704 δι
1145 3631 1310 3727 glandulis
1326 3632 1363 3704 &
1378 3649 1470 3701 arte-

364 3806 366 3810 .
504 3740 709 3822 riishumor
730 3739 793 3812 erit
813 3740 974 3816 candidus
988 3745 1026 3817 δι
1040 3740 1208 3830 viscosus,
1225 3766 1268 3812 ex
1288 3766 1360 3837 quo
1383 3764 1490 3811 eve·-

504 3850 558 3923 nit
580 3848 745 3924 fastidium
765 3852 803 3924 &
826 3849 971 3924 faucium
988 3849 1197 3947 'praefocatio
1222 3852 1259 3926 δι
1283 3850 1471 3949 synanche.

414 3999 420 4012 ·
503 3954 537 4033 'A
555 3960 719 4058 pulmone
736 3977 847 4034 autem
865 3961 990 4033 humor
1014 3958 1150 4049 crassus,
1169 3957 1469 4056 sanguinolentuS,

505 4073 544 4147 &
565 4071 651 4145 male
667 4070 829 4144 odoratus
848 4088 999 4158 emanat,
1019 4070 1139 4142 colore
1159 4070 1297 4165 pallido.
1324 4071 1377 4139 Ex
1400 4094 1470 4167 qua

504 4186 603 4264 causa
616 4182 702 4260 fiunt
715 4182 1014 4281 peripleumonici,
1028 4181 1219 4271 vomicosr,
1233 4181 1416 4269 ortomici,
1430 4182 1469 4255 δι

505 4295 715 4389 phthisicis
732 4296 857 4373 morbo
869 4312 981 4372 autem
993 4291 1117 4370 malleo
1135 4291 1231 4369 venit
1242 4292 1368 4394 humor
1381 4291 1470 4365 mul·
