3875 5759
489 864 708 959 irritu.
746 839 1255 965 raanunittus.
1329 893 1371 989 83

416 1044 685 1140 adjuvareQiia
696 1071 731 1117 re
743 1046 945 1143 proveniet,
962 1066 1054 1120 uteri
1067 1048 1166 1122 unius
1181 1051 1311 1127 arboris
1324 1080 1377 1129 ra·

385 1201 387 1206 ·
417 1159 548 1232 dinibus
564 1157 739 1229 numerosa
754 1159 866 1254 planta
879 1156 1048 1231 nascatur.
1151 1210 1155 1216 -

465 1272 563 1342 ΧΙΧ.
578 1268 685 1342 Etiam
698 1268 879 1367 pomiferas
891 1270 1028 1342 arbores
1045 1269 1215 1365 possumus
1227 1273 1262 1346 in
1276 1275 1378 1373 palii·¹

416 1378 471 1451 nis
492 1404 511 1450 a
534 1377 795 1475 septemtrionali
818 1378 958 1476 regione
982 1374 1235 1475 disponere‚de
1254 1386 1376 1482 quibus

415 1487 585 1585 sigillatim
614 1488 784 1574 dicemus,
810 1513 885 1585 quae
908 1487 1094 1584 specialiter
1121 1490 1197 1564 sunt
1221 1500 1378 1576 tenenda.

417 1598 506 1668 Nam
535 1598 646 1693 pomis
672 1599 785 1671 eadem
815 1598 983 1673 convenit
1007 1619 1118 1689 terra,
1138 1628 1215 1699 quae
1240 1607 1377 1688 vitibus.

371 1709 373 1715 '
402 1706 551 1798 =scrobes
573 1707 841 1801 auiemnajores
862 1708 984 1794 facies,
1004 1727 1040 1777 ut
1057 1714 1204 1783 materiae
1219 1718 1376 1809 prosis&

416 1816 548 1892 studui.
569 1819 604 1890 Sl
623 1819 815 1913 pomarium
834 1816 954 1902 facies,
969 1816 1056 1885 inter
1077 1820 1213 1890 ordines
1228 1825 1377 1903 tricenos

416 1930 516 2025 pedes
536 1929 715 2024 relinques.
737 1928 874 1996 Plantas
885 1924 1004 1993 statues
1020 1921 1200 2014 radicatas,
1218 1936 1311 2027 quod
1331 1939 1380 2013 est
1450 1967 1454 1974 ¹

415 2038 547 2109 melius.
566 2037 620 2108 ted
639 2034 809 2118 servabis,
827 2054 869 2102 ne
889 2031 1063 2123 cacumina
1079 2047 1137 2106 a'ut
1157 2061 1257 2110 manti
1277 2041 1378 2121 sr'asla

414 2169 473 2221 aui
499 2146 595 2219 erosa
619 2170 691 2215 non
718 2142 874 2216 crescant.
904 2146 1193 2246 Unumquemque
1220 2155 1377 2232 ordinem

414 2260 479 2331 suo
504 2256 624 2355 generi·
642 2254 835 2352 deputabis,
855 2281 896 2328 ne
923 2252 1063 2327 infirmae
1086 2269 1104 2329 a'
1129 2260 1377 2362 valentioribus

343 2453 345 2458 Ι
415 2370 663 2465 opprimantur.
685 2366 816 2438 Plantas
835 2364 984 2437 similiter
1005 2367 1214 2461 notabimus,
1228 2394 1264 2445 ut
1279 2376 1379 2474 ipsis,

415 2481 538 2578 quibus
556 2480 732 2567 steterant,
750 2478 941 2551 cardinibus
956 2501 1182 2573 opponamus.
1209 2486 1266 2556 De
1278 2490 1377 2564 clivo

414 2596 505 2668 sicco
531 2596 569 2667 &
593 2592 693 2681 exili,
712 2591 747 2663 in
769 2592 930 2686 planum,
953 2589 1111 2686 pinguem
1137 2593 1173 2663 δι
1200 2593 1377 2676 humidum

415 2704 664 2778 transferemus.
692 2702 725 2771 Si
753 2719 893 2770 truncos
919 2719 1047 2789 ponere
1063 2695 1261 2789 nolueris.
1278 2706 1378 2804 supra
1420 2781 1422 2788 ,

415 2831 540 2885 terrain
559 2807 789 2909 propetribus
808 2801 947 2897 pedibus
966 2800 1147 2895 erigantur.
1164 2806 1233 2875 Ubi
1248 2810 1327 2884 duas
1340 2816 1379 2891 in

415 2944 487 2992 una
507 2918 627 2988 scrobe
651 2913 781 3009 plantas
802 2907 965 3002 deponis,
986 2907 1174 2980 cavendum
1198 2912 1264 3007 est,
1279 2944 1324 2994 ne
1344 2924 1384 3000 se
1462 2981 1465 2986 ,
1554 2965 1560 2978 .

418 3027 627 3122 contingant.
641 3047 716 3096 nam
732 3018 901 3099 vermibus
915 3016 1109 3122 interibunt.
1120 3019 1192 3091 Sed
1192 3044 1256 3111 ,ut
1267 3029 1379 3106 coln.

416 3137 517 3213 mella
529 3134 626 3222 dicit,
638 3130 817 3204 seraciores
827 3128 920 3216 sunt,
931 3125 1216 3225 quaeseminibus,
1231 3134 1376 3237 boecii,

347 3289 353 3312 .
416 3231 560 3320 nucibus
576 3241 661 3329 suis,
675 3265 775 3338 quam
791 3237 867 3336 ¹quie
888 3235 1011 3335 plantis
1030 3255 1225 3331 ponuntur,
1245 3268 1302 3319 aut
1323 3255 1376 3325 ra‘a'
1481 3305 1490 3326 .

416 3360 491 3434 niis.
506 3357 575 3431 Ubi
588 3355 683 3454 regio
697 3351 891 3437 sicciores,
905 3346 1146 3445 aquationibus
1160 3352 1376 3447 adjuventur.

473 3469 557 3542 XX.
578 3468 678 3538 Nunc
702 3461 788 3533 locis
812 3456 1045 3530 maritimis&
1064 3459 1180 3533 calidis
1203 3457 1379 3547 fodienda:¹
1410 3494 1414 3502 '

418 3578 493 3651 sunt
512 3578 621 3647 vites:
636 3573 696 3645 vel
710 3565 843 3664 (tibae
865 3566 1052 3662 provinciae
1074 3570 1281 3651 consuetudo
1302 3583 1376 3684 est)

420 3674 614 3773 exaranda,
627 3683 664 3757 &
679 3683 712 3754 in
729 3680 850 3756 eisdem
873 3676 958 3749 locis
980 3677 1144 3773 palandae,
1159 3705 1214 3756 aut
1234 3689 1377 3787 ligandae

419 3799 494 3871 sunt
507 3795 617 3871 vineae
630 3791 818 3889 priusquam
832 3812 962 3887 gemma
977 3788 1158 3882 procedat,
1181 3792 1275 3889 cuju's
1288 3815 1385 3874 coti-s
1400 3893 1405 3900 .

420 3911 572 3981 euffione
597 3904 653 3976 vel
673 3902 790 3975 attritu
807 3896 990 3972 incurritur
1012 3901 1134 3994 grande
1155 3903 1378 4006 dispendium·
1484 3915 1485 3920 ’

419 4016 519 4091 Nunc
543 4016 630 4089 oleae
654 4031 840 4108 ceteraeque
868 4008 1003 4080 arbores
1027 4007 1179 4083 laetamen
1205 4018 1382 4116 accipiunt

420 4127 631 4201 decrescente
652 4125 742 4196 luna.
760 4120 901 4193 sufficiet
918 4118 1030 4192 autem
1047 4115 1167 4216 majori
1181 4126 1293 4200 arbori
1312 4137 1383 4205 ve?
1426 4137 1430 4150 '

420 4233 482 4308 lies
499 4261 565 4307 una
576 4259 587 4320 ;
600 4231 724 4305 minori
740 4230 867 4315 media3
883 4229 928 4300 ita
948 4247 985 4300 ut
1002 4227 1158 4301 subducta
1173 4257 1191 4302 a
1205 4209 1380 4316 ridicibus
1493 4265 1498 4274 ·

421 4355 506 4419 tetra
515 4398 527 4437 ,
541 4346 579 4418 δι
591 4338 673 4415 fimo
686 4333 875 4440 permilita,
886 4347 1080 4417 revocetur.
1098 4340 1271 4437 Tempore
1284 4345 1381 4444 li·oc,·
1455 4371 1458 4381 ·

1113 4454 1139 4525 F
1166 4478 1185 4527 2
