3875 5759
605 887 735 973 nnus
761 883 977 972 vastant.
1002 898 1101 971 srva
1128 898 1316 975 Morou.
1372 919 1446 1002 399'

487 1062 555 1137 albi
569 1062 705 1161 triginta
718 1072 842 1162 grana,¹
858 1061 1007 1160 myrrha
1019 1059 1230 1136 semiunciam
1243 1117 1254 1151 ,
1268 1062 1340 1139 vini
1359 1068 1448 1138 odo·

486 1170 551 1241 rati
568 1170 689 1244 veteris
713 1172 887 1269 cotylam,
911 1170 981 1241 olei
1007 1168 1125 1242 viridis
1152 1172 1312 1267 cyathum
1338 1197 1447 1245 unum
1546 1252 1549 1259 Ι

486 1279 682 1352 admiscebis
696 1283 734 1354 δι
752 1306 811 1375 per
835 1304 874 1351 os
893 1279 1032 1376 digeres.
1051 1284 1133 1350 ltem
1163 1279 1340 1354 fasciculos
1362 1302 1449 1355 rutae
1474 1293 1478 1306 '

431 1460 436 1468 .
486 1387 606 1461 viridis
626 1409 728 1486 atque
741 1410 890 1486 purgatae
904 1390 942 1463 &
966 1386 1176 1485 opopanacis
1193 1391 1328 1462 unciam
1343 1415 1448 1465 unam

486 1494 523 1568 in
547 1500 698 1595 cotylam
716 1498 843 1573 vini&
860 1499 929 1571 olei
950 1495 1067 1573 viridis
1088 1500 1249 1595 cyathum
1267 1498 1449 1590 admisces,

486 1608 525 1678 &
546 1606 638 1679 dabis
654 1608 689 1679 in
710 1628 805 1703 potu.
826 1610 932 1702 Quod
955 1608 1077 1680 vitium
1090 1631 1133 1678 ex
1154 1606 1379 1701 perfriuionis
1392 1610 1449 1679 in·

483 1712 592 1809 juria,
613 1740 670 1791 aut
683 1745 726 1792 ex
748 1722 924 1795 coauione
941 1718 1081 1811 alicujus
1101 1716 1297 1789 neceffitatis
1311 1706 1466 1793 descen-¹

485 1825 545 1897 dit.
557 1829 730 1925 Aliquanti
744 1828 811 1901 suis
826 1853 898 1901 non
916 1828 1064 1909 vetulae‚
1085 1822 1140 1895 sed
1155 1825 1302 1897 novellae
1315 1827 1449 1923 sangui·

484 1958 564 2005 nem
587 1937 674 2010 vino
695 1936 867 2034 permixto
891 1936 931 2005 ad
952 1957 1063 2005 cornu
1086 1930 1236 2004 faucibus
1261 1933 1449 2028 degerunt,

482 2040 583 2139 ignor
644 2047 736 2134 es,s1
757 2045 831 2139 plus
852 2037 1020 2139 sanguinis
1042 2039 1167 2128 suerit,
1188 2037 1357 2116 continuo
1372 2042 1448 2118 ani«

481 2152 552 2242 naal
644 2151 721 2223 tire.
736 2149 875 2222 Cautius
895 2149 965 2239 est,
983 2149 1045 2222 hac
1067 2148 1169 2248 tnagis
1195 2148 1337 2245 potione
1353 2176 1448 2224 cura·

485 2281 546 2329 re:
568 2262 677 2355 Cepas
698 2284 870 2355 germanas
897 2263 935 2333 δι
958 2258 1071 2330 semen
1090 2279 1174 2331 rutae
1198 2260 1321 2355 pariter
1339 2260 1450 2333 admi-

484 2363 559 2437 sces
565 2420 575 2455 ‚
587 2367 625 2439 δι
638 2368 786 2457 deteres‚
802 2393 843 2441 ex
857 2393 928 2465 quo
942 2368 1058 2442 uncias
1072 2387 1138 2442 tres
1150 2392 1234 2442 cum
1240 2369 1314 2440 vint
1305 2368 1449 2467 cotyla

461 2500 544 2573 oper
560 2475 629 2548 dies
652 2479 800 2576 singulos
814 2481 929 2565 dabis,
942 2479 1061 2553 usurus
1086 2479 1344 2567 curationibus,
1370 2504 1448 2596 quae

482 2585 700 2660 conveniunt
722 2589 908 2663 roborosrs
995 2596 999 2604 '

545 2698 618 2769 LV.
644 2698 813 2795 Syntexin
845 2695 1001 2768 animalia
1027 2695 1257 2790 patiuntur&
1279 2692 1450 2770 hominess

484 2822 566 2899 quae¹
586 2805 746 2876 valetudo
768 2805 819 2875 his
838 2804 1024 2877 declaratur
1044 2802 1176 2876 indiciis
1196 2829 1205 2874 ε
1231 2802 1370 2874 Cotidie
1394 2821 1449 2881 te-,

483 2931 652 3000 nuantut‚
667 2917 704 2987 δι
722 2914 825 2988 macie
851 2914 920 3011 ossa
939 2912 1111 3003 eminent,
1132 2913 1283 2985 multum‘
1300 2914 1448 2986 mandus'

484 3017 594 3094 caniia
613 3023 761 3099 esuriunt
781 3023 931 3121 semper,
945 3022 1112 3121 quidquid
1130 3021 1350 3113 invenerint,
1373 3041 1447 3103 tett-¹

483 3149 557 3203 tant
575 3129 662 3205 same
685 3153 828 3231 cogente
842 3137 1050 3224 corrodere,
1075 3136 1194 3207 durum
1207 3133 1330 3207 stercus
1348 3136 1447 3208 emit·

483 3261 581 3335 tunt,
598 3246 733 3320 trahunt
748 3246 882 3342 longam
897 3272 936 3320 ac
950 3247 1173 3320 miserabilem
1189 3245 1294 3319 vitam
1306 3299 1316 3334 ‚
1330 3266 1370 3319 ut
1384 3269 1448 3322 nec

482 3350 614 3449 surgere
635 3357 781 3429 valeant.
803 3354 858 3426 sed
871 3353 1045 3447 jacentia,
1060 3355 1219 3454 fatigata,
1233 3356 1447 3451 multumque

482 3462 717 3547 manducantia
740 3462 828 3534 same
850 3463 1055 3535 moriuntur.
1080 3463 1204 3535 Omnis
1231 3462 1321 3535 enirn
1344 3463 1445 3555 esca,

482 3593 582 3692 quarn
603 3569 799 3657 sumserint,
821 3570 863 3640 ad
881 3570 1026 3657 stercus,
1043 3574 1081 3644 &
1103 3572 1216 3645 omnis
1236 3590 1339 3670 potus
1359 3597 1445 3647 con·

482 3678 626 3751 vertitur
642 3679 679 3749 in
699 3677 856 3751 utinam:
879 3677 991 3768 nullus
1015 3703 1057 3749 ex
1083 3680 1134 3753 his
1157 3678 1294 3768 succus,
1313 3684 1444 3754 nullum

482 3785 677 3863 alimentum
697 3788 854 3887 pervenit
879 3769 921 3862 ad
945 3788 1125 3864 medullas·
1152 3812 1330 3886 propterea
1350 3791 1445 3886 quod
1516 3837 1521 3852 t

482 3900 672 3973 slomachus
686 3925 807 3972 eorum
820 3898 930 3971 nimio
943 3898 1058 3993 rigore
1080 3900 1291 3994 perstemus,
1305 3924 1368 3973 nec
1382 3924 1445 3974 co·

483 4032 586 4105 quere
601 4008 748 4103 poterit,
768 4031 831 4080 nec
847 4006 935 4103 epati
953 4006 1080 4103 aliquid
1095 4007 1275 4104 propinate
1286 4058 1298 4096 ,
1310 4006 1345 4077 in
1365 4030 1441 4106 ¹quo

482 4132 557 4187 tota
575 4114 683 4187 virtus
698 4116 740 4187 ad
764 4115 979 4188 nutriendum
1004 4139 1129 4210 corpus
1150 4141 1209 4212 per
1224 4113 1443 4208 dispensatio-

484 4246 561 4294 nem
575 4222 752 4315 ciborum,
771 4228 809 4299 δι
824 4218 952 4321 sanguis
965 4242 1178 4320 praeparatur.
1191 4220 1348 4295 Tabescit
1361 4222 1442 4294 sem·
1535 4281 1541 4290 .

487 4354 570 4428 per,
588 4327 749 4427 jecurque
770 4330 841 4427 ejus
866 4333 1032 4407 minuitur
1056 4333 1098 4404 ad
1119 4327 1368 4403 srmilitudinem
1390 4354 1443 4403 at⁴
