3875 5759
617 848 747 922 Auru
773 846 1114 922 VETERlN.51VE
1138 791 1322 923 uotoni.
1379 873 1452 952 279
1511 847 1514 852 ·

487 1022 592 1095 neat,
611 1005 787 1105 ipsumque
812 1003 854 1079 tit
874 1030 947 1078 non
969 1031 1012 1079 ex
1036 1004 1195 1079 mollibus
1218 1006 1343 1105 lignis,
1370 1010 1466 1085 sicut·

489 1117 684 1213 frequenter
699 1142 760 1213 per
773 1115 974 1212 imperitiam
989 1116 1045 1188 vel
1065 1116 1299 1215 negligentiam
1316 1120 1453 1211 evenit,

489 1225 545 1298 sed
560 1226 695 1299 roboris
708 1226 843 1301 vivacis
855 1225 979 1297 duritia
992 1227 1030 1298 δι
1043 1223 1210 1297 soliditate
1225 1228 1453 1322 compedium.

488 1335 576 1407 Nam
593 1337 660 1409 hoc
680 1360 785 1434 genam
805 1334 889 1432 ligni
902 1359 1068 1431 equorum
1083 1335 1225 1433 ungulas
1238 1337 1280 1408 ad
1295 1336 1454 1413 saxorum

487 1444 589 1519 instar
603 1448 758 1520 obdurat.
773 1448 868 1522 Foffa
881 1435 1063 1544 praeterea,
1077 1473 1154 1546 quae
1166 1448 1288 1542 lotium
1302 1448 1454 1544 recipiat,

489 1556 721 1641 dedublorium
738 1558 836 1631 debet
855 1559 979 1631 babere
990 1558 1186 1633 cuniculum
1199 1612 1210 1648 ,
1225 1584 1268 1630 ne
1284 1560 1384 1655 pedes
1398 1557 1455 1654 ju·

487 1686 680 1738 mentorum
694 1669 885 1741 redundans
899 1668 996 1740 urina
1017 1666 1201 1764 contingat.
1221 1668 1361 1753 patena,
1375 1692 1455 1763 quae

486 1775 689 1868 appellatur,
704 1778 773 1851 hoc
792 1777 860 1867 est,
877 1778 995 1849 alveus
1005 1830 1017 1864 ,
1029 1776 1074 1847 ad
1084 1774 1248 1846 hordeum
1262 1775 1456 1848 ministran-

485 1884 586 1971 dum,
601 1886 639 1957 srt
658 1887 785 1959 munda
805 1885 957 1980 semper,
975 1908 1017 1954 ne
1042 1881 1156 1956 sordes
1177 1882 1300 1980 aliquae
1321 1884 1454 1960 cibariis

485 1992 781 2068 admisceantur&
793 2011 954 2066 noceant.
967 1988 1090 2064 boculi
1103 1983 1262 2087 praterea
1272 2046 1288 2081 ,.
1295 1994 1350 2063 vel
1364 2020 1453 2068 mar·

484 2126 583 2173 more
604 2103 664 2175 vel
675 2102 786 2195 lapide
803 2101 859 2173 vel
877 2100 973 2200 ligno
993 2098 1331 2199 fabii,distinguendi
1353 2103 1453 2196 sunt,‘

485 2229 523 2280 ut
542 2210 671 2306 singula
690 2208 840 2304 jumenta
852 2210 1018 2283 hordeum
1037 2209 1133 2282 suum
1146 2234 1190 2282 ex
1202 2210 1360 2309 integro,
1375 2212 1452 2284 nul-

486 2315 523 2387 lo
541 2318 782 2415 praeripiente,¹
799 2320 1011 2393 consumant.
1035 2321 1122 2393 Nam
1144 2320 1221 2393 sunt
1242 2322 1396 2395 animalia
1408 2322 1452 2397 ad

400 2452 402 2456 ·
485 2430 651 2502 edendum
667 2429 855 2515 aridiffima
865 2458 874 2505 ε
886 2456 962 2529 quae
978 2457 1055 2513 cum
1071 2429 1225 2505 celeriter
1238 2419 1451 2527 propriaide·

485 2561 722 2629 voraverunt,
736 2560 871 2638 partem
890 2541 1063 2616 consortis
1078 2541 1258 2640 invadunt.
1272 2540 1347 2613 Alia
1362 2565 1452 2616 vero
1567 2569 1578 2642 j

400 2715 403 2721 .
485 2652 626 2725 naturali
642 2651 779 2730 fastidio
798 2652 925 2726 tardius
942 2650 1132 2725 comedunt
1145 2652 1217 2737 ,ἃ
1236 2647 1298 2719 nifi
1321 2648 1451 2744 separa-
1535 2703 1538 2710 -

481 2757 545 2833 tim
557 2759 767 2856 acceperint,
781 2757 905 2832 vicinis
917 2758 1127 2865 rapientibus
1139 2755 1355 2828 macrescnnt.
1363 2760 1451 2851 Cras

483 2866 634 2964 tis,quae
654 2866 752 2961 jacca
765 2882 944 2940 vocatura
965 2864 1173 2963 vulgo,pro
1190 2887 1357 2961 equorum
1382 2866 1451 2947 lla-e
1487 2929 1492 2936 .
1537 2963 1541 2969 Ι

484 2993 557 3047 tura
573 3001 636 3050 nec
658 2975 758 3050 nimis
778 2976 849 3049 alta
866 2975 924 3065 lit,
940 3000 984 3047 ne
1008 3001 1085 3049 cum
1111 2973 1233 3070 injuria
1251 2992 1368 3076 guttur
1385 2995 1467 3050 err-‘-
1519 3037 1523 3044 .

483 3085 662 3172 tendatur,
677 3110 740 3159 nec
760 3084 860 3176 nimis
880 3082 1041 3175 humilis,
1058 3108 1099 3155 ne
1121 3083 1245 3157 oculos
1270 3086 1449 3185 contingat

482 3211 540 3267 aut
555 3206 665 3291 caput'.
680 3194 832 3268 Luminis
851 3196 1032 3293 plurimum
1049 3195 1179 3270 stabulo
1193 3196 1328 3270 infundi
1339 3216 1449 3297 opor4

481 3322 551 3397 ret,
567 3332 609 3379 ne
621 3306 768 3380 tenebris
785 3306 923 3398 allueta,
938 3333 1018 3383 cum
1034 3308 1272 3405 producuntur
1285 3310 1327 3382 ad
1340 3312 1446 3388 solem
1515 3343 1518 3348 ¹

482 3416 542 3492 vel
562 3416 730 3514 caligent,
750 3416 811 3491 'vel
838 3418 945 3502 aciem
971 3418 1062 3491 visus
1083 3419 1295 3492 imminuant.
1322 3422 1448 3499 AEstate
1501 3461 1505 3468 ·

484 3526 519 3598 in
543 3526 665 3621 apertis
688 3526 802 3615 locis,
823 3545 890 3600 tam
915 3526 1099 3624 milibus,
1120 3553 1221 3624 quam
1237 3527 1354 3604 diebus
1368 3584 1379 3619 ,
1392 3530 1447 3625 iir-

482 3636 607 3709 mentis
623 3636 727 3711 libera
740 3627 822 3713 aura
836 3638 1021 3737 prestanda
1035 3641 1091 3713 est.
1104 3640 1214 3716 bieme
1231 3669 1318 3718 vero
1333 3663 1446 3741 tepere

481 3745 606 3817 debent
624 3744 748 3819 stabula
764 3747 897 3843 potius,
911 3772 1016 3845 quam
1026 3748 1144 3821 calere.
1156 3775 1234 3824 nam
1246 3750 1368 3830 nimius
1384 3777 1445 3826 ca·

481 3856 537 3930 lor
556 3855 636 3930 licet
655 3856 822 3947 custodiat
843 3858 1080 3958 pinguedinem
1102 3859 1143 3932 dc
1166 3856 1302 3932 reficere
1323 3860 1444 3934 videa·
1472 3943 1474 3948 ,

394 4037 397 4043 .
481 3984 556 4057 tur,
569 3989 682 4040 tamen
697 3964 957 4063 indigestionem
972 3966 1070 4056 facit,
1083 3968 1121 4041 ἃ
1132 3966 1366 4041 vehementius
1379 3994 1445 4042 no-

482 4091 537 4146 cet
560 4089 699 4148 naturae.
720 4075 864 4169 Propter
884 4074 980 4173 quod
990 4072 1133 4146 diversa
1154 4097 1276 4171 genera
1298 4074 1444 4147 morbo*
1563 4157 1569 4167 ,

483 4204 558 4252 rum
575 4206 620 4254 ex
634 4208 764 4279 vapore
776 4184 850 4281 ipso
870 4185 1070 4260 animalibus
1085 4204 1302 4281 generantur..
1315 4184 1347 4255 Si
1361 4209 1444 4279 pro·

484 4286 656 4367 ducuntur
675 4293 717 4365 ad
737 4294 843 4395 frigus
859 4296 1060 4391 insolitum,
1081 4294 1190 4369 llatim
1210 4292 1446 4390 egritudinem

1182 4402 1258 4492 St·
1336 4453 1353 4496 -,
