3875 5759
1314 904 1319 920 ⁴
1373 873 1443 980 189

533 1106 1499 1208 Puntuntlautttu··

576 1303 1428 1434 Tnuntnurntnutj'

922 1572 997 1625 DE

479 1667 1603 1913 uuausrtcnl

770 2057 1003 2202 ΧΧΧΧΧ
1052 2055 1155 2154 ΧΧ.

717 2290 1214 2317 *m

425 2573 430 2582 ,
470 2495 507 2565 ιΙ.
531 2428 782 2565 Noventmu
800 2492 916 2566 mense
928 2490 1081 2565 triticum
1098 2488 1245 2563 feremus
1259 2490 1296 2564 &
1307 2489 1378 2578 far,
1390 2490 1442 2563 sa·

482 2600 579 2672 tione
593 2601 755 2697 legitima,
772 2628 811 2676 ac
824 2603 971 2676 semente
983 2600 1137 2673 solemni.
1150 2595 1305 2696 Iugerum
1319 2598 1443 2673 utrius-

481 2734 549 2806 que
567 2709 701 2782 semiuis
714 2710 839 2784 modiis
853 2711 1004 2807 quinque
1016 2708 1195 2783 tenebitur.
1206 2711 1314 2782 'Nunc
1329 2709 1367 2781 &
1382 2732 1443 2778 or·

482 2821 584 2891 deum
605 2838 773 2891 maturum
792 2821 902 2891 adhuc
919 2818 1075 2891 feremus.
1094 2822 1132 2891 ln
1151 2818 1251 2913 hujus
1272 2816 1443 2913 principio

483 2926 596 2999 fabam
615 2926 820 3025 spargimus,
835 2954 910 3028 quae
927 2928 1178 3026 pinguissimum
1199 2929 1256 3004 vel
1278 2928 1445 3001 stercora·

472 3049 558 3107 'tum
576 3029 740 3109 desiderat
753 3037 887 3125 locum,
904 3036 962 3109 vel
978 3037 1120 3127 vallem,
1137 3062 1237 3133 quam
1254 3036 1372 3110 succus
1384 3059 1445 3109 ve·

483 3146 581 3218 niens
595 3171 614 3218 a
627 3145 832 3238 summitate,
848 3146 1033 3220 foecundet.
1047 3147 1162 3219 Primo
1177 3144 1291 3218 seritur
1301 3199 1312 3234 ,
1324 3145 1445 3219 deinde

484 3256 736 3351 proscinditur,
757 3260 795 3331 δι
815 3277 897 3329 tunc
916 3256 1075 3330 sulcatur.
1097 3254 1250 3326 occanda
1267 3253 1315 3324 est
1331 3254 1445 3350 large,

484 3386 522 3437 ut
541 3368 609 3464 tegi
621 3368 804 3463 plurimum
819 3367 929 3463 poffit.
946 3366 1061 3462 Aliqui
1079 3364 1166 3436 locis
1186 3362 1312 3460 frigidis
1326 3362 1446 3434 dicunt

484 3473 522 3547 in
544 3476 629 3547 fabae
649 3477 775 3548 satione
789 3463 902 3573 glebas
923 3499 996 3545 non
1010 3474 1074 3546 else
1093 3472 1310 3572 frangendas,
1323 3488 1362 3543 ut
1383 3492 1445 3567 per

485 3609 539 3657 eas
564 3584 798 3682 gelicidiorum
819 3607 974 3681 tempore
999 3583 1124 3679 poffiut
1146 3582 1296 3681 germina
1319 3583 1445 3656 obum-

485 3694 581 3780 brata
609 3692 751 3765 defendi.
779 3695 918 3767 Satione
944 3691 1016 3786 ejus
1040 3693 1194 3789 generis,
1211 3693 1295 3765 sicut
1320 3691 1444 3787 opinio

485 3803 612 3890 habet,
638 3826 709 3872 non
729 3803 948 3890 foecundatur
968 3825 1074 3887 retra,
1092 3803 1147 3875 sed
1171 3804 1284 3875 minus
1301 3802 1444 3883 laeditur.

487 3927 565 3981 narn
592 3911 784 3993 Columella
805 3911 903 4001 dicit,
925 3937 1040 4009 agrum
1067 3910 1242 3983 frumentis
1270 3910 1443 3982 utiliorem

488 4018 650 4111 probari,
666 4018 726 4115 qui
746 4028 838 4089 antio
858 4018 1033 4116 'superiore
1052 4043 1179 4093 vacuus
1201 4017 1325 4104 fuerit,
1343 4040 1445 4112 quarn

489 4128 550 4223 qui
574 4130 720 4204 calamos
744 4130 889 4206 fabaceae
911 4134 1020 4206 mellis
1045 4132 1173 4207 eduxit.
1200 4132 1327 4224 Pingue
1348 4127 1445 4224 juge·

490 4262 565 4308 rum
585 4236 639 4307 sex
659 4234 764 4311 modii
779 4262 966 4339 occupant3
988 4242 1178 4331 mediocre,
1192 4238 1344 4331 amplius.
1356 4236 1445 4333 Spis-

490 4346 529 4421 so
553 4348 638 4419 bene
665 4348 849 4454 provenit:
874 4376 1022 4427 mactum
1041 4349 1151 4435 solum
1176 4343 1443 4447 nebulosumque
