<?xml version="1.0" encoding="UTF-8"?>
<!DOCTYPE html PUBLIC "-//W3C//DTD XHTML 1.0 Transitional//EN"
    "http://www.w3.org/TR/xhtml1/DTD/xhtml1-transitional.dtd">
<html xmlns="http://www.w3.org/1999/xhtml" xml:lang="en" lang="en">
 <head>
  <title>
</title>
<meta http-equiv="Content-Type" content="text/html;charset=utf-8" />
  <meta name='ocr-system' content='tesseract 3.04.00' />
  <meta name='ocr-capabilities' content='ocr_page ocr_carea ocr_par ocr_line ocrx_word'/>
</head>
<body>
  <div class='ocr_page' id='page_1' title='image "./scriptoresreiru00gesngoog_0347.png"; bbox 0 0 3875 5759; ppageno 0'>
   <div class='ocr_carea' id='block_1_1' title="bbox 552 845 1386 1002">
    <p class='ocr_par' dir='ltr' id='par_1_1' title="bbox 552 845 1386 1002">
     <span class='ocr_line' id='line_1_1' title="bbox 552 845 1386 1002; baseline 0.014 -30"><span class='ocrx_word' id='word_1_1' title='bbox 552 904 686 975; x_wconf 79' lang='lat' dir='ltr'><strong>Anus</strong></span> <span class='ocrx_word' id='word_1_2' title='bbox 712 901 925 974; x_wconf 67' lang='lat' dir='ltr'><strong>*tanturn</strong></span> <span class='ocrx_word' id='word_1_3' title='bbox 951 900 1050 975; x_wconf 77' lang='lat' dir='ltr'><strong>uve</strong></span> <span class='ocrx_word' id='word_1_4' title='bbox 1075 845 1264 979; x_wconf 76' lang='lat' dir='ltr'><strong>uuuou.</strong></span> <span class='ocrx_word' id='word_1_5' title='bbox 1293 868 1386 1002; x_wconf 51' lang='lat'><strong>‘345</strong></span> 
     </span>
    </p>
   </div>
   <div class='ocr_carea' id='block_1_2' title="bbox 432 1061 1407 1273">
    <p class='ocr_par' dir='ltr' id='par_1_2' title="bbox 432 1061 1407 1273">
     <span class='ocr_line' id='line_1_2' title="bbox 433 1061 1391 1166; baseline 0.009 -31.188"><span class='ocrx_word' id='word_1_6' title='bbox 433 1063 579 1139; x_wconf 75' lang='lat' dir='ltr'><strong>ereditur</strong></span> <span class='ocrx_word' id='word_1_7' title='bbox 606 1062 744 1135; x_wconf 84' lang='lat' dir='ltr'><strong>salutare</strong></span> <span class='ocrx_word' id='word_1_8' title='bbox 770 1061 966 1140; x_wconf 89' lang='lat' dir='ltr'><strong>temedium</strong></span> <span class='ocrx_word' id='word_1_9' title='bbox 985 1063 1155 1137; x_wconf 83' lang='lat' dir='ltr'><strong>Lixivium</strong></span> <span class='ocrx_word' id='word_1_10' title='bbox 1184 1092 1345 1166; x_wconf 91' lang='lat' dir='ltr'><strong>quoque</strong></span> <span class='ocrx_word' id='word_1_11' title='bbox 1348 1087 1391 1143; x_wconf 84' lang='lat' dir='ltr'><strong>ex</strong></span> 
     </span>
     <span class='ocr_line' id='line_1_3' title="bbox 432 1151 1407 1273; baseline 0.004 -28"><span class='ocrx_word' id='word_1_12' title='bbox 432 1172 553 1246; x_wconf 88' lang='lat' dir='ltr'><strong>arbore</strong></span> <span class='ocrx_word' id='word_1_13' title='bbox 576 1171 684 1261; x_wconf 87' lang='lat' dir='ltr'><strong>ulmi,</strong></span> <span class='ocrx_word' id='word_1_14' title='bbox 709 1171 765 1245; x_wconf 86' lang='lat' dir='ltr'><strong>vel</strong></span> <span class='ocrx_word' id='word_1_15' title='bbox 794 1151 1032 1268; x_wconf 68' lang='lat' dir='ltr'><strong>cujuscunque·</strong></span> <span class='ocrx_word' id='word_1_16' title='bbox 1042 1198 1171 1271; x_wconf 79' lang='lat' dir='ltr'><strong>generis</strong></span> <span class='ocrx_word' id='word_1_17' title='bbox 1194 1176 1325 1273; x_wconf 85' lang='lat' dir='ltr'><strong>ligni</strong></span> <span class='ocrx_word' id='word_1_18' title='bbox 1296 1167 1392 1252; x_wconf 81' lang='lat' dir='ltr'><strong>crire·</strong></span> <span class='ocrx_word' id='word_1_19' title='bbox 1405 1176 1407 1180; x_wconf 67' lang='grc'>’</span> 
     </span>
    </p>
   </div>
   <div class='ocr_carea' id='block_1_3' title="bbox 433 1280 1505 1375">
    <p class='ocr_par' dir='ltr' id='par_1_3' title="bbox 433 1280 1505 1375">
     <span class='ocr_line' id='line_1_4' title="bbox 433 1280 1505 1375; baseline 0.008 -26"><span class='ocrx_word' id='word_1_20' title='bbox 433 1302 526 1367; x_wconf 89' lang='lat' dir='ltr'><strong>rem,</strong></span> <span class='ocrx_word' id='word_1_21' title='bbox 540 1280 728 1351; x_wconf 87' lang='lat' dir='ltr'><strong>dummodo</strong></span> <span class='ocrx_word' id='word_1_22' title='bbox 747 1280 833 1351; x_wconf 86' lang='lat' dir='ltr'><strong>bene</strong></span> <span class='ocrx_word' id='word_1_23' title='bbox 850 1281 1006 1364; x_wconf 67' lang='lat' dir='ltr'><strong>eodum</strong></span> <span class='ocrx_word' id='word_1_24' title='bbox 1024 1306 1102 1354; x_wconf 88' lang='lat' dir='ltr'><strong>cum</strong></span> <span class='ocrx_word' id='word_1_25' title='bbox 1117 1283 1205 1355; x_wconf 89' lang='lat' dir='ltr'><strong>oleo</strong></span> <span class='ocrx_word' id='word_1_26' title='bbox 1218 1285 1394 1375; x_wconf 86' lang='lat' dir='ltr'>miscebis,</span> <span class='ocrx_word' id='word_1_27' title='bbox 1472 1287 1505 1347; x_wconf 69' lang='grc' dir='ltr'>Ἴ</span> 
     </span>
    </p>
   </div>
   <div class='ocr_carea' id='block_1_4' title="bbox 368 1391 1521 4442">
    <p class='ocr_par' dir='ltr' id='par_1_4' title="bbox 368 1391 1521 4442">
     <span class='ocr_line' id='line_1_5' title="bbox 433 1391 1397 1489; baseline 0.01 -26"><span class='ocrx_word' id='word_1_28' title='bbox 433 1393 471 1463; x_wconf 89' lang='lat'>&amp;</span> <span class='ocrx_word' id='word_1_29' title='bbox 495 1391 660 1488; x_wconf 89' lang='lat' dir='ltr'><strong>liquidum</strong></span> <span class='ocrx_word' id='word_1_30' title='bbox 674 1418 713 1465; x_wconf 94' lang='lat' dir='ltr'><strong>ac</strong></span> <span class='ocrx_word' id='word_1_31' title='bbox 727 1392 878 1488; x_wconf 86' lang='lat' dir='ltr'><strong>tepidum</strong></span> <span class='ocrx_word' id='word_1_32' title='bbox 898 1391 1092 1466; x_wconf 86' lang='lat' dir='ltr'><strong>diffundere.</strong></span> <span class='ocrx_word' id='word_1_33' title='bbox 1107 1420 1167 1489; x_wconf 91' lang='lat' dir='ltr'><strong>pet</strong></span> <span class='ocrx_word' id='word_1_34' title='bbox 1188 1395 1322 1488; x_wconf 81' lang='lat' dir='ltr'>fauces,</span> <span class='ocrx_word' id='word_1_35' title='bbox 1336 1399 1397 1476; x_wconf 55' lang='lat' dir='ltr'><strong>adv</strong></span> 
     </span>
     <span class='ocr_line' id='line_1_6' title="bbox 433 1501 1497 1603; baseline 0.007 -30"><span class='ocrx_word' id='word_1_36' title='bbox 433 1501 551 1574; x_wconf 84' lang='lat' dir='ltr'><strong>versus</strong></span> <span class='ocrx_word' id='word_1_37' title='bbox 573 1502 696 1575; x_wconf 88' lang='lat' dir='ltr'><strong>stercus</strong></span> <span class='ocrx_word' id='word_1_38' title='bbox 712 1504 896 1598; x_wconf 87' lang='lat' dir='ltr'><strong>plurimum</strong></span> <span class='ocrx_word' id='word_1_39' title='bbox 918 1503 1066 1598; x_wconf 87' lang='lat' dir='ltr'>prodest.</span> <span class='ocrx_word' id='word_1_40' title='bbox 1088 1504 1125 1596; x_wconf 60' lang='lat' dir='ltr'><strong>Si</strong></span> <span class='ocrx_word' id='word_1_41' title='bbox 1144 1526 1254 1579; x_wconf 85' lang='lat' dir='ltr'><strong>autent</strong></span> <span class='ocrx_word' id='word_1_42' title='bbox 1277 1509 1394 1603; x_wconf 93' lang='lat' dir='ltr'><strong>porci·</strong></span> <span class='ocrx_word' id='word_1_43' title='bbox 1494 1511 1497 1519; x_wconf 84' lang='lat'>&#39;</span> 
     </span>
     <span class='ocr_line' id='line_1_7' title="bbox 433 1612 1395 1709; baseline 0.005 -25"><span class='ocrx_word' id='word_1_44' title='bbox 433 1639 515 1684; x_wconf 89' lang='lat' dir='ltr'><strong>num</strong></span> <span class='ocrx_word' id='word_1_45' title='bbox 544 1612 667 1685; x_wconf 86' lang='lat' dir='ltr'><strong>stercus</strong></span> <span class='ocrx_word' id='word_1_46' title='bbox 690 1613 754 1686; x_wconf 86' lang='lat' dir='ltr'><strong>bos</strong></span> <span class='ocrx_word' id='word_1_47' title='bbox 779 1612 1024 1703; x_wconf 88' lang='lat' dir='ltr'><strong>devoraverit,</strong></span> <span class='ocrx_word' id='word_1_48' title='bbox 1044 1612 1395 1709; x_wconf 81' lang='lat' dir='ltr'><strong>statimpestilentiarn</strong></span> 
     </span>
     <span class='ocr_line' id='line_1_8' title="bbox 368 1724 1394 1822; baseline 0.002 -23"><span class='ocrx_word' id='word_1_49' title='bbox 368 1741 370 1745; x_wconf 84' lang='lat'>&#39;</span> <span class='ocrx_word' id='word_1_50' title='bbox 434 1724 770 1822; x_wconf 67' lang='lat' dir='ltr'><strong>contagionissolius</strong></span> <span class='ocrx_word' id='word_1_51' title='bbox 794 1725 905 1800; x_wconf 83' lang='lat' dir='ltr'><strong>mallei</strong></span> <span class='ocrx_word' id='word_1_52' title='bbox 929 1724 1067 1796; x_wconf 81' lang='lat' dir='ltr'><strong>sustinet</strong></span> <span class='ocrx_word' id='word_1_53' title='bbox 1090 1726 1213 1797; x_wconf 88' lang='lat' dir='ltr'><strong>morbi.</strong></span> <span class='ocrx_word' id='word_1_54' title='bbox 1231 1728 1394 1818; x_wconf 87' lang='lat' dir='ltr'><strong>Quicum</strong></span> 
     </span>
     <span class='ocr_line' id='line_1_9' title="bbox 435 1832 1396 1931; baseline 0.005 -27"><span class='ocrx_word' id='word_1_55' title='bbox 435 1833 535 1906; x_wconf 83' lang='lat' dir='ltr'><strong>semel</strong></span> <span class='ocrx_word' id='word_1_56' title='bbox 553 1833 589 1904; x_wconf 92' lang='lat' dir='ltr'><strong>in</strong></span> <span class='ocrx_word' id='word_1_57' title='bbox 610 1859 743 1931; x_wconf 85' lang='lat' dir='ltr'>gregem</span> <span class='ocrx_word' id='word_1_58' title='bbox 765 1835 822 1905; x_wconf 84' lang='lat' dir='ltr'><strong>vel</strong></span> <span class='ocrx_word' id='word_1_59' title='bbox 846 1852 1079 1931; x_wconf 81' lang='lat' dir='ltr'>armentorum</span> <span class='ocrx_word' id='word_1_60' title='bbox 1103 1832 1160 1903; x_wconf 91' lang='lat' dir='ltr'><strong>vel</strong></span> <span class='ocrx_word' id='word_1_61' title='bbox 1184 1835 1396 1931; x_wconf 86' lang='lat' dir='ltr'><strong>domitorum</strong></span> 
     </span>
     <span class='ocr_line' id='line_1_10' title="bbox 433 1937 1397 2042; baseline 0.001 -27"><span class='ocrx_word' id='word_1_62' title='bbox 433 1942 599 2034; x_wconf 71' lang='lat' dir='ltr'><strong>incesserit</strong></span> <span class='ocrx_word' id='word_1_63' title='bbox 616 1943 868 2034; x_wconf 84' lang='lat' dir='ltr'><strong>jumentorum,</strong></span> <span class='ocrx_word' id='word_1_64' title='bbox 883 1939 991 2010; x_wconf 86' lang='lat' dir='ltr'><strong>statim</strong></span> <span class='ocrx_word' id='word_1_65' title='bbox 1005 1937 1119 2011; x_wconf 89' lang='lat' dir='ltr'><strong>omnia</strong></span> <span class='ocrx_word' id='word_1_66' title='bbox 1132 1939 1306 2033; x_wconf 81' lang='lat' dir='ltr'><strong>animalia,</strong></span> <span class='ocrx_word' id='word_1_67' title='bbox 1320 1971 1397 2042; x_wconf 83' lang='lat' dir='ltr'><strong>quae</strong></span> 
     </span>
     <span class='ocr_line' id='line_1_11' title="bbox 433 2046 1397 2143; baseline -0.002 -22"><span class='ocrx_word' id='word_1_68' title='bbox 433 2052 544 2122; x_wconf 87' lang='lat' dir='ltr'><strong>levem</strong></span> <span class='ocrx_word' id='word_1_69' title='bbox 566 2051 792 2143; x_wconf 72' lang='lat' dir='ltr'><strong>strspicionem</strong></span> <span class='ocrx_word' id='word_1_70' title='bbox 810 2046 1026 2133; x_wconf 88' lang='lat' dir='ltr'><strong>habuerunt,</strong></span> <span class='ocrx_word' id='word_1_71' title='bbox 1046 2047 1087 2118; x_wconf 89' lang='lat' dir='ltr'><strong>de</strong></span> <span class='ocrx_word' id='word_1_72' title='bbox 1105 2046 1304 2143; x_wconf 83' lang='lat' dir='ltr'><strong>poffeffione</strong></span> <span class='ocrx_word' id='word_1_73' title='bbox 1330 2050 1397 2121; x_wconf 91' lang='lat' dir='ltr'><strong>tol·</strong></span> 
     </span>
     <span class='ocr_line' id='line_1_12' title="bbox 382 2154 1400 2247; baseline 0.001 -19"><span class='ocrx_word' id='word_1_74' title='bbox 382 2165 396 2189; x_wconf 86' lang='lat'><strong>&#39;·</strong></span> <span class='ocrx_word' id='word_1_75' title='bbox 436 2159 535 2229; x_wconf 88' lang='lat' dir='ltr'><strong>lenda</strong></span> <span class='ocrx_word' id='word_1_76' title='bbox 548 2155 646 2243; x_wconf 82' lang='lat' dir='ltr'><strong>sunt,</strong></span> <span class='ocrx_word' id='word_1_77' title='bbox 660 2160 699 2228; x_wconf 90' lang='lat'>&amp;</span> <span class='ocrx_word' id='word_1_78' title='bbox 725 2154 950 2227; x_wconf 86' lang='lat' dir='ltr'><strong>distribuenda</strong></span> <span class='ocrx_word' id='word_1_79' title='bbox 968 2155 1034 2228; x_wconf 90' lang='lat' dir='ltr'><strong>illis</strong></span> <span class='ocrx_word' id='word_1_80' title='bbox 1056 2156 1165 2245; x_wconf 81' lang='lat' dir='ltr'><strong>locis,</strong></span> <span class='ocrx_word' id='word_1_81' title='bbox 1187 2155 1247 2229; x_wconf 92' lang='lat' dir='ltr'><strong>ubi</strong></span> <span class='ocrx_word' id='word_1_82' title='bbox 1267 2156 1400 2247; x_wconf 79' lang='lat' dir='ltr'><strong>nullum</strong></span> 
     </span>
     <span class='ocr_line' id='line_1_13' title="bbox 437 2267 1445 2370; baseline 0.005 -31"><span class='ocrx_word' id='word_1_83' title='bbox 437 2293 542 2363; x_wconf 86' lang='lat' dir='ltr'><strong>pecus</strong></span> <span class='ocrx_word' id='word_1_84' title='bbox 561 2269 727 2365; x_wconf 87' lang='lat' dir='ltr'><strong>pascitur,</strong></span> <span class='ocrx_word' id='word_1_85' title='bbox 742 2290 780 2341; x_wconf 94' lang='lat' dir='ltr'><strong>ut</strong></span> <span class='ocrx_word' id='word_1_86' title='bbox 807 2293 871 2342; x_wconf 86' lang='lat' dir='ltr'><strong>nee</strong></span> <span class='ocrx_word' id='word_1_87' title='bbox 893 2268 951 2339; x_wconf 87' lang='lat' dir='ltr'><strong>fibi</strong></span> <span class='ocrx_word' id='word_1_88' title='bbox 977 2267 1225 2370; x_wconf 76' lang='lat' dir='ltr'><strong>invicem,nec</strong></span> <span class='ocrx_word' id='word_1_89' title='bbox 1243 2267 1316 2343; x_wconf 84' lang='lat' dir='ltr'><strong>aliis</strong></span> <span class='ocrx_word' id='word_1_90' title='bbox 1334 2294 1397 2342; x_wconf 89' lang='lat' dir='ltr'><strong>no·</strong></span> <span class='ocrx_word' id='word_1_91' title='bbox 1444 2340 1445 2344; x_wconf 73' lang='grc'>,</span> 
     </span>
     <span class='ocr_line' id='line_1_14' title="bbox 440 2376 1399 2475; baseline 0 -26"><span class='ocrx_word' id='word_1_92' title='bbox 440 2397 548 2451; x_wconf 86' lang='lat' dir='ltr'><strong>ceant.</strong></span> <span class='ocrx_word' id='word_1_93' title='bbox 562 2404 639 2450; x_wconf 91' lang='lat' dir='ltr'><strong>nam</strong></span> <span class='ocrx_word' id='word_1_94' title='bbox 649 2379 816 2475; x_wconf 88' lang='lat' dir='ltr'><strong>pascendo</strong></span> <span class='ocrx_word' id='word_1_95' title='bbox 825 2379 942 2451; x_wconf 88' lang='lat' dir='ltr'><strong>herbas</strong></span> <span class='ocrx_word' id='word_1_96' title='bbox 962 2376 1141 2467; x_wconf 85' lang='lat' dir='ltr'><strong>inficiunt,</strong></span> <span class='ocrx_word' id='word_1_97' title='bbox 1154 2378 1304 2452; x_wconf 86' lang='lat' dir='ltr'><strong>bibendo</strong></span> <span class='ocrx_word' id='word_1_98' title='bbox 1319 2378 1399 2451; x_wconf 87' lang='lat' dir='ltr'><strong>fon·</strong></span> 
     </span>
     <span class='ocr_line' id='line_1_15' title="bbox 438 2486 1400 2586; baseline 0.001 -27"><span class='ocrx_word' id='word_1_99' title='bbox 438 2505 508 2578; x_wconf 82' lang='lat' dir='ltr'><strong>tes,</strong></span> <span class='ocrx_word' id='word_1_100' title='bbox 522 2488 651 2560; x_wconf 85' lang='lat' dir='ltr'><strong>stabulo</strong></span> <span class='ocrx_word' id='word_1_101' title='bbox 666 2489 846 2585; x_wconf 81' lang='lat' dir='ltr'><strong>praesepia:</strong></span> <span class='ocrx_word' id='word_1_102' title='bbox 861 2492 899 2563; x_wconf 89' lang='lat'>&amp;</span> <span class='ocrx_word' id='word_1_103' title='bbox 913 2490 1069 2586; x_wconf 87' lang='lat' dir='ltr'><strong>quamvis</strong></span> <span class='ocrx_word' id='word_1_104' title='bbox 1082 2486 1151 2560; x_wconf 90' lang='lat' dir='ltr'><strong>sani</strong></span> <span class='ocrx_word' id='word_1_105' title='bbox 1166 2488 1292 2571; x_wconf 83' lang='lat' dir='ltr'><strong>boves,</strong></span> <span class='ocrx_word' id='word_1_106' title='bbox 1308 2490 1400 2560; x_wconf 92' lang='lat' dir='ltr'><strong>odo·</strong></span> 
     </span>
     <span class='ocr_line' id='line_1_16' title="bbox 437 2593 1399 2689; baseline -0.001 -22"><span class='ocrx_word' id='word_1_107' title='bbox 437 2620 474 2668; x_wconf 91' lang='lat' dir='ltr'><strong>re</strong></span> <span class='ocrx_word' id='word_1_108' title='bbox 489 2596 725 2671; x_wconf 87' lang='lat' dir='ltr'><strong>morbidorum</strong></span> <span class='ocrx_word' id='word_1_109' title='bbox 736 2597 869 2669; x_wconf 87' lang='lat' dir='ltr'><strong>afflante</strong></span> <span class='ocrx_word' id='word_1_110' title='bbox 888 2597 1085 2689; x_wconf 84' lang='lat' dir='ltr'><strong>depereunt.</strong></span> <span class='ocrx_word' id='word_1_111' title='bbox 1104 2594 1218 2689; x_wconf 87' lang='lat' dir='ltr'><strong>Usque</strong></span> <span class='ocrx_word' id='word_1_112' title='bbox 1235 2617 1279 2665; x_wconf 86' lang='lat' dir='ltr'><strong>eo</strong></span> <span class='ocrx_word' id='word_1_113' title='bbox 1298 2593 1399 2667; x_wconf 86' lang='lat' dir='ltr'><strong>etiam</strong></span> 
     </span>
     <span class='ocr_line' id='line_1_17' title="bbox 438 2699 1404 2796; baseline -0.002 -19"><span class='ocrx_word' id='word_1_114' title='bbox 438 2725 573 2779; x_wconf 89' lang='lat' dir='ltr'><strong>mortua</strong></span> <span class='ocrx_word' id='word_1_115' title='bbox 597 2707 762 2782; x_wconf 81' lang='lat' dir='ltr'><strong>cadavera</strong></span> <span class='ocrx_word' id='word_1_116' title='bbox 780 2705 866 2776; x_wconf 87' lang='lat' dir='ltr'><strong>ultra</strong></span> <span class='ocrx_word' id='word_1_117' title='bbox 880 2701 963 2773; x_wconf 86' lang='lat' dir='ltr'><strong>fines</strong></span> <span class='ocrx_word' id='word_1_118' title='bbox 980 2702 1071 2774; x_wconf 84' lang='lat' dir='ltr'><strong>villae</strong></span> <span class='ocrx_word' id='word_1_119' title='bbox 1083 2700 1290 2796; x_wconf 89' lang='lat' dir='ltr'><strong>projicienda</strong></span> <span class='ocrx_word' id='word_1_120' title='bbox 1305 2699 1404 2789; x_wconf 76' lang='lat' dir='ltr'><strong>sunt,</strong></span> 
     </span>
     <span class='ocr_line' id='line_1_18' title="bbox 438 2809 1400 2908; baseline -0.004 -21"><span class='ocrx_word' id='word_1_121' title='bbox 438 2817 476 2887; x_wconf 75' lang='grc' dir='ltr'><strong>δι</strong></span> <span class='ocrx_word' id='word_1_122' title='bbox 493 2814 644 2886; x_wconf 81' lang='lat' dir='ltr'><strong>alriffime</strong></span> <span class='ocrx_word' id='word_1_123' title='bbox 659 2813 832 2884; x_wconf 87' lang='lat' dir='ltr'><strong>obruenda</strong></span> <span class='ocrx_word' id='word_1_124' title='bbox 848 2812 923 2882; x_wconf 89' lang='lat' dir='ltr'><strong>sunt</strong></span> <span class='ocrx_word' id='word_1_125' title='bbox 937 2811 996 2882; x_wconf 82' lang='lat' dir='ltr'><strong>sub</strong></span> <span class='ocrx_word' id='word_1_126' title='bbox 1014 2811 1134 2897; x_wconf 74' lang='lat' dir='ltr'><strong>terrie,</strong></span> <span class='ocrx_word' id='word_1_127' title='bbox 1147 2835 1189 2881; x_wconf 93' lang='lat' dir='ltr'><strong>ne</strong></span> <span class='ocrx_word' id='word_1_128' title='bbox 1203 2809 1293 2883; x_wconf 88' lang='lat' dir='ltr'><strong>forte</strong></span> <span class='ocrx_word' id='word_1_129' title='bbox 1306 2812 1400 2908; x_wconf 90' lang='lat' dir='ltr'><strong>ipso-</strong></span> 
     </span>
     <span class='ocr_line' id='line_1_19' title="bbox 439 2909 1402 3017; baseline 0.004 -25"><span class='ocrx_word' id='word_1_130' title='bbox 439 2948 514 2993; x_wconf 86' lang='lat' dir='ltr'><strong>rum</strong></span> <span class='ocrx_word' id='word_1_131' title='bbox 544 2946 729 3016; x_wconf 90' lang='lat' dir='ltr'><strong>corporum</strong></span> <span class='ocrx_word' id='word_1_132' title='bbox 751 2909 884 2992; x_wconf 79' lang='lat' dir='ltr'><strong>intetba</strong></span> <span class='ocrx_word' id='word_1_133' title='bbox 909 2917 1066 2992; x_wconf 88' lang='lat' dir='ltr'><strong>sanorum</strong></span> <span class='ocrx_word' id='word_1_134' title='bbox 1093 2917 1334 3017; x_wconf 81' lang='lat' dir='ltr'><strong>contingantur</strong></span> <span class='ocrx_word' id='word_1_135' title='bbox 1362 2924 1402 2996; x_wconf 91' lang='lat'>&amp;</span> 
     </span>
     <span class='ocr_line' id='line_1_20' title="bbox 440 3023 1402 3152; baseline 0.002 -54"><span class='ocrx_word' id='word_1_136' title='bbox 440 3047 589 3125; x_wconf 89' lang='lat' dir='ltr'><strong>pereant.</strong></span> <span class='ocrx_word' id='word_1_137' title='bbox 603 3032 687 3101; x_wconf 92' lang='lat' dir='ltr'><strong>Uno</strong></span> <span class='ocrx_word' id='word_1_138' title='bbox 707 3023 1044 3152; x_wconf 49' lang='lat' dir='ltr'><strong>quidetppocabulp</strong></span> <span class='ocrx_word' id='word_1_139' title='bbox 1053 3024 1234 3122; x_wconf 83' lang='lat' dir='ltr'><strong>pestilentia</strong></span> <span class='ocrx_word' id='word_1_140' title='bbox 1252 3027 1402 3124; x_wconf 89' lang='lat' dir='ltr'><strong>appella·</strong></span> 
     </span>
     <span class='ocr_line' id='line_1_21' title="bbox 391 3135 1402 3259; baseline 0.003 -51"><span class='ocrx_word' id='word_1_141' title='bbox 391 3171 396 3185; x_wconf 86' lang='lat'>·</span> <span class='ocrx_word' id='word_1_142' title='bbox 430 3152 518 3223; x_wconf 80' lang='lat' dir='ltr'>‘rur;</span> <span class='ocrx_word' id='word_1_143' title='bbox 542 3137 595 3208; x_wconf 90' lang='lat' dir='ltr'><strong>sed</strong></span> <span class='ocrx_word' id='word_1_144' title='bbox 624 3137 724 3209; x_wconf 91' lang='lat' dir='ltr'><strong>habet</strong></span> <span class='ocrx_word' id='word_1_145' title='bbox 745 3137 903 3233; x_wconf 87' lang='lat' dir='ltr'><strong>plurimas</strong></span> <span class='ocrx_word' id='word_1_146' title='bbox 926 3135 1077 3231; x_wconf 85' lang='lat' dir='ltr'><strong>species,</strong></span> <span class='ocrx_word' id='word_1_147' title='bbox 1098 3160 1182 3259; x_wconf 62' lang='lat' dir='ltr'><strong>quar</strong></span> <span class='ocrx_word' id='word_1_148' title='bbox 1205 3160 1402 3211; x_wconf 88' lang='lat' dir='ltr'><strong>enumerare</strong></span> 
     </span>
     <span class='ocr_line' id='line_1_22' title="bbox 442 3244 1402 3344; baseline 0.003 -26"><span class='ocrx_word' id='word_1_149' title='bbox 442 3247 613 3320; x_wconf 91' lang='lat' dir='ltr'><strong>nonlicet</strong></span> <span class='ocrx_word' id='word_1_150' title='bbox 634 3248 711 3342; x_wconf 91' lang='lat' dir='ltr'><strong>[vel</strong></span> <span class='ocrx_word' id='word_1_151' title='bbox 735 3247 862 3344; x_wconf 85' lang='lat' dir='ltr'><strong>riget]:</strong></span> <span class='ocrx_word' id='word_1_152' title='bbox 852 3244 1015 3317; x_wconf 76' lang='lat' dir='ltr'><strong>·faci!ius</strong></span> <span class='ocrx_word' id='word_1_153' title='bbox 1040 3244 1109 3341; x_wconf 87' lang='lat' dir='ltr'><strong>ipsa</strong></span> <span class='ocrx_word' id='word_1_154' title='bbox 1132 3244 1297 3343; x_wconf 85' lang='lat' dir='ltr'><strong>principia</strong></span> <span class='ocrx_word' id='word_1_155' title='bbox 1315 3248 1402 3326; x_wconf 83' lang='lat' dir='ltr'><strong>¹adi·</strong></span> 
     </span>
     <span class='ocr_line' id='line_1_23' title="bbox 422 3355 1401 3458; baseline 0 -30"><span class='ocrx_word' id='word_1_156' title='bbox 422 3439 427 3448; x_wconf 10' lang='lat' dir='ltr'><strong>p</strong></span> <span class='ocrx_word' id='word_1_157' title='bbox 441 3358 627 3458; x_wconf 63' lang='lat' dir='ltr'><strong>ligentibus</strong></span> <span class='ocrx_word' id='word_1_158' title='bbox 638 3357 781 3453; x_wconf 85' lang='lat' dir='ltr'><strong>intelligi</strong></span> <span class='ocrx_word' id='word_1_159' title='bbox 794 3357 929 3451; x_wconf 82' lang='lat' dir='ltr'><strong>poffint.</strong></span> <span class='ocrx_word' id='word_1_160' title='bbox 943 3356 1021 3425; x_wconf 83' lang='lat' dir='ltr'><strong>Est</strong></span> <span class='ocrx_word' id='word_1_161' title='bbox 1012 3375 1124 3452; x_wconf 79' lang='lat' dir='ltr'><strong>itaque</strong></span> <span class='ocrx_word' id='word_1_162' title='bbox 1148 3355 1307 3427; x_wconf 89' lang='lat' dir='ltr'><strong>humidus</strong></span> <span class='ocrx_word' id='word_1_163' title='bbox 1321 3355 1401 3452; x_wconf 91' lang='lat' dir='ltr'><strong>[hu-</strong></span> 
     </span>
     <span class='ocr_line' id='line_1_24' title="bbox 433 3465 1432 3568; baseline -0.003 -26"><span class='ocrx_word' id='word_1_164' title='bbox 433 3472 562 3561; x_wconf 81' lang='lat' dir='ltr'><strong>&#39;mor]‚</strong></span> <span class='ocrx_word' id='word_1_165' title='bbox 577 3470 710 3566; x_wconf 86' lang='lat' dir='ltr'><strong>quoties</strong></span> <span class='ocrx_word' id='word_1_166' title='bbox 724 3493 782 3562; x_wconf 89' lang='lat' dir='ltr'><strong>per</strong></span> <span class='ocrx_word' id='word_1_167' title='bbox 796 3491 835 3537; x_wconf 87' lang='lat' dir='ltr'><strong>os</strong></span> <span class='ocrx_word' id='word_1_168' title='bbox 852 3469 891 3537; x_wconf 75' lang='grc' dir='ltr'><strong>δι</strong></span> <span class='ocrx_word' id='word_1_169' title='bbox 904 3492 998 3548; x_wconf 83' lang='lat' dir='ltr'><strong>nates</strong></span> <span class='ocrx_word' id='word_1_170' title='bbox 1016 3468 1140 3568; x_wconf 78' lang='lat' dir='ltr'><strong>huuror</strong></span> <span class='ocrx_word' id='word_1_171' title='bbox 1151 3465 1255 3538; x_wconf 87' lang='lat' dir='ltr'><strong>effluit</strong></span> <span class='ocrx_word' id='word_1_172' title='bbox 1271 3467 1402 3557; x_wconf 76' lang='lat' dir='ltr'><strong>bobuS,</strong></span> <span class='ocrx_word' id='word_1_173' title='bbox 1430 3507 1432 3512; x_wconf 94' lang='lat'><em>·</em></span> 
     </span>
     <span class='ocr_line' id='line_1_25' title="bbox 444 3573 1501 3674; baseline 0.001 -27"><span class='ocrx_word' id='word_1_174' title='bbox 444 3579 483 3648; x_wconf 75' lang='grc' dir='ltr'><strong>δι</strong></span> <span class='ocrx_word' id='word_1_175' title='bbox 503 3576 669 3648; x_wconf 79' lang='lat' dir='ltr'><strong>fastidium</strong></span> <span class='ocrx_word' id='word_1_176' title='bbox 692 3573 1177 3674; x_wconf 62' lang='lat' dir='ltr'><strong>aegritudoque&#39;consequitur.</strong></span> <span class='ocrx_word' id='word_1_177' title='bbox 1190 3574 1246 3647; x_wconf 85' lang='lat' dir='ltr'><strong>Est</strong></span> <span class='ocrx_word' id='word_1_178' title='bbox 1269 3575 1402 3667; x_wconf 77' lang='lat' dir='ltr'><strong>siccus,</strong></span> <span class='ocrx_word' id='word_1_179' title='bbox 1436 3644 1438 3650; x_wconf 90' lang='grc'><strong>,</strong></span> <span class='ocrx_word' id='word_1_180' title='bbox 1496 3641 1501 3648; x_wconf 95' lang='grc'>.</span> 
     </span>
     <span class='ocr_line' id='line_1_26' title="bbox 444 3671 1498 3782; baseline 0 -24"><span class='ocrx_word' id='word_1_181' title='bbox 444 3686 579 3782; x_wconf 90' lang='lat' dir='ltr'><strong>quoties</strong></span> <span class='ocrx_word' id='word_1_182' title='bbox 592 3686 705 3758; x_wconf 86' lang='lat' dir='ltr'><strong>nullus</strong></span> <span class='ocrx_word' id='word_1_183' title='bbox 718 3688 841 3757; x_wconf 88' lang='lat' dir='ltr'><strong>humor</strong></span> <span class='ocrx_word' id='word_1_184' title='bbox 860 3703 1013 3780; x_wconf 89' lang='lat' dir='ltr'><strong>apparet,</strong></span> <span class='ocrx_word' id='word_1_185' title='bbox 1028 3685 1085 3759; x_wconf 87' lang='lat' dir='ltr'><strong>sed</strong></span> <span class='ocrx_word' id='word_1_186' title='bbox 1103 3686 1227 3758; x_wconf 79' lang='lat' dir='ltr'><strong>animai</strong></span> <span class='ocrx_word' id='word_1_187' title='bbox 1247 3687 1402 3782; x_wconf 81' lang='lat' dir='ltr'><strong>quotidie</strong></span> <span class='ocrx_word' id='word_1_188' title='bbox 1494 3671 1498 3680; x_wconf 43' lang='lat'>¹</span> 
     </span>
     <span class='ocr_line' id='line_1_27' title="bbox 446 3794 1410 3890; baseline -0.004 -19"><span class='ocrx_word' id='word_1_189' title='bbox 446 3796 602 3871; x_wconf 88' lang='lat' dir='ltr'><strong>macescit</strong></span> <span class='ocrx_word' id='word_1_190' title='bbox 626 3800 663 3871; x_wconf 77' lang='grc' dir='ltr'><strong>δι</strong></span> <span class='ocrx_word' id='word_1_191' title='bbox 683 3794 721 3867; x_wconf 88' lang='lat' dir='ltr'><strong>fit</strong></span> <span class='ocrx_word' id='word_1_192' title='bbox 741 3796 906 3885; x_wconf 89' lang='lat' dir='ltr'><strong>deterius,</strong></span> <span class='ocrx_word' id='word_1_193' title='bbox 925 3821 988 3868; x_wconf 88' lang='lat' dir='ltr'><strong>nec</strong></span> <span class='ocrx_word' id='word_1_194' title='bbox 1011 3795 1104 3890; x_wconf 74' lang='lat' dir='ltr'><strong>juxta</strong></span> <span class='ocrx_word' id='word_1_195' title='bbox 1125 3796 1410 3871; x_wconf 68' lang='lat' dir='ltr'><strong>consuetudinem</strong></span> 
     </span>
     <span class='ocr_line' id='line_1_28' title="bbox 447 3906 1403 4004; baseline -0.006 -23"><span class='ocrx_word' id='word_1_196' title='bbox 447 3908 575 4004; x_wconf 79' lang='lat' dir='ltr'><strong>appetit</strong></span> <span class='ocrx_word' id='word_1_197' title='bbox 594 3906 771 3981; x_wconf 78' lang='lat' dir='ltr'><strong>cibos;·Est</strong></span> <span class='ocrx_word' id='word_1_198' title='bbox 789 3906 996 3993; x_wconf 87' lang='lat' dir='ltr'><strong>articularis,</strong></span> <span class='ocrx_word' id='word_1_199' title='bbox 1018 3909 1152 4004; x_wconf 90' lang='lat' dir='ltr'><strong>quoties</strong></span> <span class='ocrx_word' id='word_1_200' title='bbox 1175 3906 1342 3978; x_wconf 88' lang='lat' dir='ltr'><strong>interdum</strong></span> <span class='ocrx_word' id='word_1_201' title='bbox 1361 3907 1403 3976; x_wconf 92' lang='lat' dir='ltr'><strong>de</strong></span> 
     </span>
     <span class='ocr_line' id='line_1_29' title="bbox 449 4005 1404 4113; baseline -0.001 -25"><span class='ocrx_word' id='word_1_202' title='bbox 449 4019 633 4113; x_wconf 86' lang='lat' dir='ltr'><strong>prioribus,</strong></span> <span class='ocrx_word' id='word_1_203' title='bbox 647 4016 812 4089; x_wconf 90' lang='lat' dir='ltr'><strong>interdum</strong></span> <span class='ocrx_word' id='word_1_204' title='bbox 825 4017 866 4089; x_wconf 90' lang='lat' dir='ltr'><strong>de</strong></span> <span class='ocrx_word' id='word_1_205' title='bbox 880 4014 1122 4111; x_wconf 81' lang='lat' dir='ltr'><strong>posterioribus</strong></span> <span class='ocrx_word' id='word_1_206' title='bbox 1133 4015 1270 4111; x_wconf 88' lang='lat' dir='ltr'><strong>pedibus</strong></span> <span class='ocrx_word' id='word_1_207' title='bbox 1281 4005 1404 4087; x_wconf 82' lang='lat' dir='ltr'><strong>claudi·</strong></span> 
     </span>
     <span class='ocr_line' id='line_1_30' title="bbox 450 4122 1404 4222; baseline -0.006 -23"><span class='ocrx_word' id='word_1_208' title='bbox 450 4131 668 4214; x_wconf 71' lang='lat' dir='ltr'><strong>oantvuoves,</strong></span> <span class='ocrx_word' id='word_1_209' title='bbox 686 4154 763 4202; x_wconf 89' lang='lat' dir='ltr'><strong>cum</strong></span> <span class='ocrx_word' id='word_1_210' title='bbox 780 4125 924 4199; x_wconf 86' lang='lat' dir='ltr'><strong>habeant</strong></span> <span class='ocrx_word' id='word_1_211' title='bbox 936 4125 1074 4222; x_wconf 83' lang='lat' dir='ltr'><strong>ungulas</strong></span> <span class='ocrx_word' id='word_1_212' title='bbox 1089 4126 1190 4200; x_wconf 88' lang='lat' dir='ltr'><strong>sanas.</strong></span> <span class='ocrx_word' id='word_1_213' title='bbox 1203 4122 1259 4194; x_wconf 87' lang='lat' dir='ltr'><strong>Est</strong></span> <span class='ocrx_word' id='word_1_214' title='bbox 1274 4126 1312 4197; x_wconf 78' lang='grc' dir='ltr'><strong>δι</strong></span> <span class='ocrx_word' id='word_1_215' title='bbox 1329 4123 1404 4194; x_wconf 87' lang='lat' dir='ltr'><strong>sub·</strong></span> 
     </span>
     <span class='ocr_line' id='line_1_31' title="bbox 451 4236 1403 4336; baseline 0 -30"><span class='ocrx_word' id='word_1_216' title='bbox 451 4236 594 4323; x_wconf 87' lang='lat' dir='ltr'><strong>renalis‚</strong></span> <span class='ocrx_word' id='word_1_217' title='bbox 608 4238 741 4331; x_wconf 87' lang='lat' dir='ltr'><strong>quoties</strong></span> <span class='ocrx_word' id='word_1_218' title='bbox 756 4262 774 4308; x_wconf 88' lang='lat' dir='ltr'><strong>a</strong></span> <span class='ocrx_word' id='word_1_219' title='bbox 788 4236 1028 4336; x_wconf 66' lang='lat' dir='ltr'><strong>posterioribus</strong></span> <span class='ocrx_word' id='word_1_220' title='bbox 1052 4237 1205 4310; x_wconf 74' lang='lat' dir='ltr'><strong>debilitas</strong></span> <span class='ocrx_word' id='word_1_221' title='bbox 1226 4247 1403 4333; x_wconf 87' lang='lat' dir='ltr'><strong>appareat,</strong></span> 
     </span>
     <span class='ocr_line' id='line_1_32' title="bbox 452 4338 1521 4442; baseline 0 -25"><span class='ocrx_word' id='word_1_222' title='bbox 452 4345 490 4417; x_wconf 76' lang='grc' dir='ltr'><strong>δι</strong></span> <span class='ocrx_word' id='word_1_223' title='bbox 508 4342 585 4442; x_wconf 92' lang='lat' dir='ltr'><strong>quia</strong></span> <span class='ocrx_word' id='word_1_224' title='bbox 601 4342 706 4417; x_wconf 86' lang='lat' dir='ltr'><strong>lumbi</strong></span> <span class='ocrx_word' id='word_1_225' title='bbox 722 4344 838 4436; x_wconf 81' lang='lat' dir='ltr'><strong>dolete</strong></span> <span class='ocrx_word' id='word_1_226' title='bbox 857 4345 1050 4421; x_wconf 60' lang='lat' dir='ltr'><strong>creduntura</strong></span> <span class='ocrx_word' id='word_1_227' title='bbox 1070 4344 1125 4418; x_wconf 84' lang='lat' dir='ltr'><strong>Est</strong></span> <span class='ocrx_word' id='word_1_228' title='bbox 1147 4341 1404 4436; x_wconf 70' lang='lat' dir='ltr'><strong>farciminosuu,</strong></span> <span class='ocrx_word' id='word_1_229' title='bbox 1519 4338 1521 4344; x_wconf 68' lang='grc'><strong>’</strong></span> 
     </span>
    </p>
   </div>
   <div class='ocr_carea' id='block_1_5' title="bbox 0 0 1977 5759">
    <p class='ocr_par' dir='ltr' id='par_1_5' title="bbox 0 0 1977 5759">
     <span class='ocr_line' id='line_1_33' title="bbox 0 0 1977 5759; baseline 0 0"><span class='ocrx_word' id='word_1_230' title='bbox 0 0 1977 5759; x_wconf 95' lang='lat' dir='ltr'><strong> </strong></span> 
     </span>
    </p>
   </div>
  </div>
 </body>
</html>
