3875 5759
528 888 599 985 394·
694 855 1031 959 VEGET'11
1078 886 1204 959 itu.
1254 883 1321 959 ut:

527 1071 639 1123 cornu
664 1045 818 1122 faucibus
844 1046 1006 1119 infundis.
1027 1048 1134 1146 Quod
1159 1045 1183 1119 sr
1208 1045 1297 1119 forte
1320 1044 1493 1136 desuerit}

464 1245 467 1253 .
528 1154 614 1229 turis
635 1153 825 1229 cribrati&
849 1153 922 1226 salis
941 1153 1012 1225 triti
1030 1172 1141 1227 ternas
1160 1155 1277 1228 uncias
1297 1179 1373 1229 cum
1401 1153 1495 1225 vino

527 1264 663 1362 optimo
697 1260 849 1357 prodesse
879 1261 1049 1335 dixerunt.
1078 1263 1205 1336 Calidis
1237 1261 1493 1335 medicamentis

528 1370 649 1448 animal
663 1368 816 1463 expedit,
835 1370 913 1440 dum
931 1370 1086 1461 sanetur,
1100 1371 1251 1469 perungi.
1271 1372 1388 1467 Adipis
1400 1395 1491 1465 quo·

525 1501 592 1576 que
620 1474 770 1570 porcina
796 1475 940 1549 recentis
969 1478 1098 1561 coslae,
1125 1496 1287 1572 quantum
1320 1476 1491 1576 existima-

525 1584 639 1672 veris,
665 1610 744 1659 cum
766 1586 847 1659 oleo
870 1586 1005 1679 optimo
1028 1588 1067 1659 &
1087 1585 1173 1657 vino
1196 1585 1326 1658 summo
1346 1589 1383 1660 δι
1405 1584 1490 1656 mel·

523 1693 556 1766 le
578 1693 797 1785 commisces,
811 1697 849 1770 δι
867 1698 909 1768 ad
922 1696 1084 1770 carbones
1103 1694 1272 1792 [semper]
1296 1698 1490 1791 decoques,

523 1828 564 1877 ac
583 1830 642 1900 per
663 1829 757 1878 nares
778 1805 948 1879 infundes.
974 1806 1138 1903 Malagma
1161 1829 1299 1899 quoque
1314 1807 1355 1876 de
1370 1803 1492 1877 calidis

524 1912 697 2008 speciebus
710 1916 745 1988 in
760 1916 966 1991 carbonibus
979 1942 1056 1989 cum
1070 1915 1151 1987 oleo
1162 1915 1306 2011 cyprino
1320 1913 1376 1984 vel
1391 1912 1493 1984 com·

525 2024 639 2111 muni,
654 2025 707 2099 sed
731 2027 861 2114 veteri,
881 2025 1029 2099 solvitur
1047 2028 1085 2099 δι
1103 2025 1305 2120 perungitur.
1325 2021 1403 2093 Post
1423 2045 1494 2091 cu-

527 2156 601 2205 tam
623 2134 778 2229 operitur
800 2135 908 2231 sagis,
927 2138 966 2208 &
991 2134 1027 2207 in
1049 2133 1120 2205 sole
1138 2131 1252 2206 calido
1270 2146 1448 2202 exercetur
1473 2154 1493 2201 a

527 2236 670 2325 sessore,
685 2237 853 2333 trepidans
870 2241 949 2311 dum
969 2239 1071 2321 sudet.
1091 2239 1169 2309 Poll
1191 2236 1318 2309 sabanis
1341 2231 1491 2305 validio-

525 2343 620 2419 ribus
639 2344 863 2442 abstergetur,
881 2348 1049 2420 &denuo
1073 2347 1210 2419 undum
1225 2345 1398 2441 operitur,
1413 2342 1491 2438 pice

526 2476 666 2550 quoque
685 2452 810 2548 liquida
834 2451 987 2525 admixto
1009 2452 1091 2524 oleo
1111 2452 1391 2549 perungendum:
1416 2446 1489 2521 non

526 2581 639 2635 tamen
662 2560 765 2633 nimia
791 2560 850 2656 pix
873 2560 938 2650 stt,
959 2585 1002 2632 ne
1029 2559 1162 2633 corium
1189 2562 1295 2634 laedat.
1319 2558 1489 2634 Nonnulli

526 2667 594 2767 jam
618 2669 841 2745 validioribus
862 2664 904 2744 ¹de
927 2669 1062 2746 cervice
1086 2672 1277 2768 sanguinem
1298 2670 1490 2744 detrahunt.

526 2780 682 2879 Plerique
692 2782 727 2854 in
747 2781 902 2855 balneum
917 2776 1065 2871 ducunt,
1078 2783 1280 2856 calidissimis
1290 2780 1489 2878 potionibus

526 2914 665 2980 curant,
684 2892 718 2965 id
733 2892 800 2982 est,
811 2892 913 2965 lasare
925 2898 962 2967 δι
977 2891 1142 2990 cymino,
1157 2891 1251 2962 aniso
1265 2945 1277 2978 ,
1290 2891 1371 2963 oleo
1384 2943 1396 2977 ,
1409 2889 1489 2988 bac·

524 3000 577 3075 cis
596 3001 696 3088 lauri,
710 3002 890 3096 exquibus
910 3001 1064 3098 quotidie
1084 2999 1212 3095 aliquid
1226 3024 1304 3073 cum
1321 2997 1405 3071 vino
1420 2997 1488 3069 mi·

525 3107 673 3183 nistrant.
693 3110 922 3182 Unslionibus
945 3135 1084 3207 quoque
1104 3111 1173 3181 illis
1196 3129 1360 3183 utuntur:
1387 3109 1489 3180 Cer&

526 3220 672 3307 libram,
694 3220 809 3292 resmae
825 3218 941 3293 uncias
961 3237 1126 3316 quatuor,
1146 3219 1350 3316 opopanacis
1368 3216 1491 3288 uncias

526 3331 630 3419 duas,
645 3330 800 3404 medullae
821 3330 969 3404 cervina
992 3329 1107 3403 uncias
1132 3331 1300 3421 ttes‚olei
1326 3326 1487 3400 storacini

527 3437 644 3511 uncias
655 3458 744 3527 tres,
758 3436 828 3509 olei
840 3437 964 3509 laurini
979 3437 1094 3512 uncias
1105 3427 1271 3534 quatuor,
1283 3462 1355 3535 quae
1368 3433 1489 3507 omnia

525 3546 743 3642 decoquunt,
758 3548 798 3621 δι
812 3546 848 3618 in
863 3544 932 3619 sole
945 3545 1051 3618 autin
1064 3546 1145 3620 loco
1159 3547 1269 3621 calido
1287 3560 1490 3641 perungunt.

526 3654 604 3729 Alia
624 3679 764 3755 quoque
781 3656 942 3755 unguenti
962 3656 1169 3750 compositio
1183 3656 1257 3728 talis
1278 3654 1344 3727 est:
1362 3654 1489 3726 Bacca·

526 3790 603 3839 tum
618 3766 703 3837 lauri
717 3765 894 3839 sextarium
909 3791 1016 3837 unum
1027 3815 1037 3849 ,
1050 3764 1180 3862 cymini
1201 3765 1361 3837 sextarios
1376 3764 1488 3851 duos,

518 3874 694 3967 ¹sulphuris
716 3874 791 3949 vivi
816 3873 931 3947 uncias
955 3892 1044 3959 tres,
1067 3871 1182 3943 resinae
1201 3873 1336 3947 unciam
1356 3896 1488 3959 unam,

529 3984 664 4081 galbani
695 3984 810 4064 uncias
843 4003 932 4069 tres,
968 3979 1038 4054 olei
1071 3978 1233 4056 sextarios
1267 3983 1378 4053 duos:
1409 4003 1490 4077 quae

404 4165 406 4170 ,
527 4093 645 4166 omnia
664 4095 833 4191 decoques
857 4095 896 4166 &
920 4090 1033 4165 uteris.

577 4204 730 4278 XLVHI.
743 4200 932 4301 Lethargici
952 4218 1093 4299 quoque
1108 4198 1249 4295 jumenti
1271 4197 1328 4272 ista
1350 4198 1425 4273 sunt
1441 4198 1490 4272 fi-

529 4335 618 4410 gna:
638 4312 765 4389 lacebit
781 4310 961 4410 semper&
979 4310 1145 4404 dormiet,
1164 4334 1272 4410 neque
1286 4309 1402 4387 cibum
1423 4334 1490 4407 ap=‚
