3875 5759
495 913 568 1012 '380
666 911 997 988 VEGETII
1046 905 1303 984 Ltuffttt.

494 1071 693 1146 monlltant.
714 1073 844 1166 Turget
864 1088 1001 1157 venter,
1014 1068 1053 1141 &
1075 1092 1195 1157 crura,
1214 1066 1379 1156 testiculi,
1396 1067 1463 1143 sca·

494 1183 603 1279 pulae,
614 1184 712 1257 latera
727 1182 763 1251 δι
779 1195 892 1276 tergus
906 1178 1085 1266 inflantur,
1099 1176 1206 1277 usque
1221 1202 1263 1250 eo
1278 1234 1288 1267 ,
1301 1196 1339 1249 ut
1351 1180 1460 1251 necin

493 1298 602 1392 capite
620 1293 691 1385 ejus
711 1308 896 1385 appareant
918 1317 1028 1366 venae.
1053 1292 1120 1362 Cui
1144 1290 1293 1364 cumsub
1310 1290 1459 1397 linguam

496 1400 661 1498 tetigeris,
681 1397 861 1471 subtuffiet.
878 1400 982 1472 Hunc
1002 1397 1284 1471 ambulationibus
1299 1398 1458 1470 brevibus

496 1525 653 1603 opertum
670 1504 882 1603 gravioribus
898 1505 1006 1600 sagis,
1026 1507 1137 1579 donec
1160 1507 1273 1593 sudet,
1287 1506 1458 1582 exercebis

494 1614 531 1687 in
554 1612 643 1701 sole,
660 1616 697 1686 δι
712 1612 887 1685 adversum
902 1612 1014 1707 pilos,
1029 1636 1089 1707 per
1102 1632 1211 1686 totum
1226 1638 1350 1708 corpus
1366 1612 1458 1709 post·

491 1721 632 1796 modum
656 1721 881 1811 confricabis,
901 1721 1012 1795 cibum
1037 1723 1202 1810 daturus,
1223 1723 1353 1794 radices
1377 1747 1457 1795 cum

493 1828 588 1903 foliis
608 1830 695 1920 suis,
712 1818 791 1927 quia
812 1832 850 1904 dt
874 1829 1106 1926 purgationem
1125 1828 1276 1914 faciunt,
1301 1834 1337 1901 δι
1365 1830 1459 1900 vitio

394 1971 397 1978 ·
492 1938 684 2011 medentur.
711 1936 913 2031 foenumque
939 1934 1155 2031 conspersum
1176 1960 1261 2029 aqua
1293 1934 1460 2031 nitroque

492 2048 659 2142 praebebis
673 2101 684 2137 ,
699 2047 752 2119 die
765 2073 804 2121 ac
818 2048 916 2120 node
939 2064 1121 2118 maceratos
1138 2045 1274 2140 lupinos
1290 2044 1325 2114 in
1343 2069 1460 2138 aqua,

492 2158 694 2252 rursumque
726 2154 895 2241 siccatos,
920 2156 1084 2249 praebebis
1110 2152 1147 2224 in
1176 2152 1265 2226 cibo.
1295 2152 1457 2225 Radicem

493 2286 633 2357 quoque
647 2261 835 2333 cucumeris
851 2260 996 2333 silvatici
1014 2261 1072 2332 vel
1090 2259 1192 2348 solia,
1205 2286 1279 2355 quae
1301 2280 1456 2331 ventrem

490 2391 677 2460 moveant,
695 2372 804 2442 eidem
825 2371 939 2460 dabis,
956 2390 994 2442 ut
1011 2383 1143 2466 purges.
1164 2374 1254 2463 Quae
1273 2370 1405 2444 curatio
1431 2370 1454 2443 st

491 2481 676 2554 tardaverit
697 2479 892 2564 sanitatem,
917 2477 1111 2553 evocandus
1130 2478 1177 2549 est
1199 2479 1335 2551 humor.
1358 2480 1454 2569 Qua·

389 2601 394 2615 '
491 2610 572 2663 tuor
590 2589 704 2687 itaque
723 2588 834 2685 digitis
852 2590 894 2660 ab
914 2586 1077 2659 umbilico
1091 2587 1133 2657 ad
1154 2609 1324 2659 veretrum
1340 2585 1452 2658 versus

491 2699 605 2797 sagitta
628 2697 773 2794 pungis,
791 2716 828 2768 ut
847 2695 1068 2793 petitonaeum
1090 2693 1198 2790 ipsum
1224 2720 1377 2790 rumpas,
1398 2694 1452 2766 sed

490 2833 596 2894 cave,
610 2832 654 2881 ne
674 2806 869 2879 intestinum
887 2829 1024 2903 tangas,
1048 2806 1086 2877 δι
1110 2803 1265 2876 animalia
1285 2804 1451 2899 perimas,

440 2921 442 2925 ’
489 2916 626 3009 subjicis
646 2915 790 2989 fistulam
812 2905 1049 3002 centimalem,
1064 2918 1101 2987 δι
1118 2916 1252 3010 patieris
1271 2916 1451 2987 humorem

489 3049 644 3112 currere,
662 3046 823 3120 quantum
846 3022 1060 3096 aestimaveris
1085 3023 1323 3110 necessatium,
1346 3048 1450 3118 quem

485 3134 522 3204 in
546 3130 623 3203 vase
643 3131 801 3224 excipies.
820 3135 910 3221 Cum
926 3131 1067 3204 fistulam
1092 3131 1283 3222 abstuleris,
1300 3132 1368 3203 duo
1391 3131 1450 3203 vel

487 3238 551 3310 tria
563 3264 663 3335 grana
683 3239 757 3312 salis
771 3240 806 3311 in
828 3241 958 3337 plagam
980 3240 1117 3331 inseris,
1133 3268 1174 3314 ne
1193 3241 1371 3315 claudatur.
1387 3244 1448 3311 ln-

484 3348 582 3446 super
597 3352 634 3423 &
655 3350 804 3446 pastillos
828 3350 987 3448 imponis.
1004 3354 1079 3425 Alia
1107 3354 1163 3426 vel
1177 3351 1269 3426 tertia
1283 3349 1335 3421 die
1358 3373 1445 3443 epa·

482 3460 645 3555 pbaerestn
669 3462 760 3557 quast
787 3462 954 3550 facturus,
973 3464 1085 3538 denuo
1109 3462 1245 3535 fistulam
1265 3482 1445 3557 apponeS,

386 3635 389 3641 .
479 3570 655 3641 humorem
683 3571 814 3665 ejicies,
827 3574 938 3645 donec
956 3592 1065 3668 partes
1081 3591 1169 3643 totas
1193 3570 1344 3644 exsiccet.
1362 3562 1459 3643 tunc

384 3667 388 3674 ’
479 3678 605 3753 vulnus
626 3668 810 3753 ebrandum
834 3681 1049 3770 solemniter,
1069 3680 1291 3777 potionesque
1309 3680 1444 3753 cathar-

482 3788 565 3861 ticas
589 3814 648 3884 per
671 3814 710 3861 os
731 3790 825 3862 dabis
844 3775 1049 3887 frequentet.
1065 3789 1233 3877 Interdiu,
1247 3790 1443 3885 usquedum

481 3895 598 3985 sudet,
617 3897 800 3971 exercebis.
822 3902 965 3991 Quanto
980 3897 1102 3970 fortius
1124 3899 1187 3971 esse
1200 3900 1329 3994 c‘oepit,
1343 3917 1441 3987 tanto

481 4004 673 4101 diligentius
693 4004 738 4077 est
761 4007 964 4095 curandum,
990 4010 1027 4079 δι
1052 4005 1181 4104 'semper
1206 4010 1442 4081 abstinendum

480 4142 500 4187 a
521 4134 625 4209 potu,
640 4134 678 4188 ut
695 4115 847 4212 tepidum
861 4121 898 4193 &
915 4118 1090 4191 modicum
1103 4120 1145 4192 ad
1165 4117 1440 4192 sustentationem

482 4223 576 4295 bibat
598 4241 737 4296 tantum.

517 4336 658 4429 XXVI.
681 4332 826 4412 Sarcolis
839 4359 976 4435 quoque
1000 4334 1080 4418 talis¹
1093 4334 1139 4411 esl
1153 4335 1257 4434 passio
1273 4363 1282 4412 ι
1298 4338 1440 4411 lumen·
