3875 5759
481 906 548 984 „2
635 845 1275 989 nrcrrtrrtutn

480 1039 571 1117 helat
588 1046 751 1143 grauiter,
766 1044 960 1141 frequenter
975 1046 1138 1144 suspirat,
1152 1049 1304 1120 ronchos
1319 1048 1419 1123 ducit
1433 1063 1448 1138 3

481 1151 539 1225 ilia
562 1152 747 1250 suspendit,
761 1151 841 1223 dum
861 1154 1059 1241 manducat,
1073 1155 1170 1226 tussit.
1185 1157 1232 1225 Ex
1252 1180 1323 1250 quo
1346 1156 1445 1229 'v-itio

482 1261 620 1335 difficile
636 1256 852 1344 liberabitur,
874 1262 953 1334 licet
972 1262 1008 1335 in
1025 1264 1165 1361 longum
1184 1266 1363 1358 protrahat
1386 1262 1447 1336 vi-·

482 1391 563 1445 tam.
579 1370 696 1442 Pulmo
710 1368 800 1439 enim
814 1394 932 1442 eorum
953 1375 1187 1454 contrahendo
1206 1374 1238 1444 se
1250 1375 1446 1459 comburit,

482 1479 570 1551 uode
591 1480 629 1551 δι
645 1475 768 1550 macies
790 1504 868 1551 cum
882 1469 1004 1552 ¹mort'e
1028 1482 1160 1579 insequi
1185 1483 1378 1555 consuevit.
1403 1484 1446 1553 ln

481 1587 609 1660 recenti
636 1607 750 1661 tamen
775 1589 860 1663 hanc
885 1615 1000 1663 curam
1023 1590 1217 1664 festinanter
1242 1592 1444 1665 adhibebisr

481 1697 679 1794 Sanguinem
700 1699 894 1798 depeslore'
913 1700 1089 1788 detrahes,
1110 1705 1147 1773 &
1169 1728 1265 1773 mero
1287 1705 1446 1797 oleoque

482 1809 689 1904 permixtum
721 1828 822 1909 atque
840 1809 1029 1884 calefactum
1057 1834 1231 1906 perunges.
1259 1810 1447 1881 Lixivium

482 1939 625 2013 quoque
635 1916 757 1990 cineris
771 1917 1014 2015 diligentissime
1027 1935 1152 1989 cretum
1164 1940 1238 1987 cum
1250 1915 1330 1984 oleo
1346 1916 1449 2006 opti·

427 2033 430 2040 '
483 2049 544 2098 mo
565 2028 788 2121 temperabis,
809 2030 921 2122 &per
942 2050 1038 2099 nares
1057 2024 1171 2096 diebus
1186 2023 1333 2119 quinque
1350 2045 1446 2091 con-

484 2138 588 2211 tinuis
607 2137 715 2210 eidem
734 2139 872 2234 digeres.
884 2139 1069 2242 potionem
1087 2158 1224 2231 quoque
1240 2133 1330 2221 dabis
1342 2131 1449 2225 post·

484 2246 625 2319 modum
637 2273 646 2320 τ
659 2245 789 2341 Sinapis
804 2246 1024 2318 Alexandrini
1040 2243 1138 2332 frixi,
1152 2246 1190 2316 &
1209 2239 1374 2334 sulphuris
1390 2239 1451 2309 vi-

484 2354 544 2443 vi,
564 2357 603 2428 δι
617 2354 784 2452 myrrhae,
799 2353 1003 2426 cardamomi
1021 2352 1146 2446 species
1161 2348 1264 2443 aequis
1282 2345 1451 2441 ponderi·

486 2464 551 2536 bus
564 2463 747 2536 contundis
766 2466 803 2537 bt
819 2461 950 2549 cernis,
965 2464 1003 2535 δι
1019 2485 1097 2534 cum
1119 2458 1218 2529 melle
1238 2456 1375 2550 optimo
1392 2458 1450 2527 de·

478 2573 618 2672 coquis.
633 2575 683 2644 Ex
696 2596 766 2669 quo
784 2572 1029 2645 medicamento
1043 2569 1085 2642 ad
1099 2568 1365 2664 magnitudinem
1381 2593 1451 2638 nu·

364 2723 367 2728 ·
487 2681 537 2755 cis
551 2707 627 2756 cum
645 2682 736 2754 vino
746 2682 844 2779 nigro
856 2680 968 2755 calido
986 2679 1111 2769 dilues,
1124 2681 1160 2751 δι
1171 2676 1327 2775 quotidie
1335 2702 1397 2772 per
1409 2701 1452 2749 os

488 2791 697 2889 potionabis.
710 2791 779 2863 Alii
791 2815 874 2865 uero
892 2790 1043 2889 myrrhae
1055 2788 1171 2860 uncias
1191 2785 1292 2875 duas,
1308 2786 1452 2881 sulphu-

489 2899 536 2970 ris
560 2899 693 2972 unciam
709 2923 836 2986 unam,
856 2895 1186 2989 nitrisemiunciam,
1201 2894 1285 2989 picis
1309 2893 1451 2989 liquidae

489 3005 645 3099 pusillum
666 3005 843 3092 deterunt,
861 3005 1047 3101 additoque
1061 3004 1159 3075 melle
1178 3005 1214 3076 δι
1235 3003 1320 3076 vino
1334 3021 1452 3074 vetere

491 3111 661 3196 odorato,
679 3112 844 3198 candido,
857 3138 917 3205 per
928 3138 1024 3184 nares
1040 3113 1156 3207 saepius
1170 3112 1362 3184 infundunt.
1379 3114 1453 3183 Cu·

491 3217 581 3291 rabis
594 3236 723 3305 autem,
737 3243 780 3288 ne
793 3220 920 3313 algeat,
933 3222 1135 3314 temperabis
1150 3222 1453 3295 exercitationibus
1467 3227 1469 3230 ’

491 3346 531 3400 ut
551 3326 641 3399 sudet
656 3352 665 3397 z
679 3329 717 3399 δι
735 3350 807 3397 non
832 3325 942 3400 solum
964 3327 999 3397 in
1022 3328 1187 3423 potione,
1213 3326 1388 3400 sedetiam
1413 3328 1453 3399 in

492 3438 616 3526 foeno,
640 3437 764 3509 nitrum
784 3462 861 3510 cum
882 3437 1059 3514 melicrato
1075 3437 1240 3535 aspersum
1255 3438 1382 3535 semper
1396 3465 1454 3515 ae·

494 3547 624 3643 cipiat„
972 3634 976 3650 Ι

540 3658 678 3731 XLVII.
696 3655 952 3753 Opislhotonici
975 3682 1112 3755 quoque
1129 3657 1240 3729 srmilis
1260 3658 1367 3760 paffio
1391 3659 1453 3731 de·

493 3767 647 3842 claratur.
665 3762 916 3842 Orthotoni'cus
927 3766 1012 3863 ,iqui
1025 3785 1116 3839 totus
1129 3768 1174 3838 est
1187 3768 1309 3863 rigidus
1323 3822 1334 3855 ‚
1347 3768 1453 3868 opill-

493 3876 699 3965 hotonicus,
712 3875 766 3950 cui
781 3876 815 3947 in
829 3876 1069 3973 posterioribus
1084 3878 1232 3973 partibus
1244 3878 1385 3951 morbus
1401 3878 1454 3950 in·

495 3985 624 4059 sederit.
646 3983 752 4078 Cujus
774 3983 832 4056 illa
855 3985 931 4056 sunt
951 3984 1062 4081 signa:
1085 3989 1191 4056 Aures
1211 3986 1331 4080 rigidas
1349 3988 1456 4059 habe·

493 4095 544 4168 bit
555 4149 565 4185 ,
577 4096 705 4169 collum
724 4094 918 4183 extensum,
935 4094 1055 4166 oculos
1068 4095 1236 4181 minores,
1251 4097 1341 4167 tensa
1357 4098 1456 4194 pellis

496 4201 533 4276 iri
558 4201 643 4278 facie
656 4258 669 4291 ‚
693 4201 778 4275 labia
802 4203 941 4298 gravia,
959 4218 998 4273 ut
1021 4202 1162 4275 oscitare
1184 4205 1370 4299 &aperire
1395 4210 1457 4281 vix

499 4313 626 4409 pollit,
649 4313 761 4431 eibum
783 4331 972 4429 potumque
998 4310 1164 4406 fastidiet,
1189 4315 1295 4390 cauda
1320 4316 1460 4415 rigida,
