3875 5759
386 873 398 894 ⁶
484 967 557 1038 ρο
654 937 1303 1016 VEGET11L1'B..111.··

485 1121 554 1179 tate
567 1102 741 1176 laedantur.
755 1100 875 1173 llerbae
894 1124 1035 1198 quoque
1048 1098 1208 1172 marrubii
1225 1097 1449 1188 fasciculum,

486 1239 588 1312 quant
607 1236 764 1309 magnum
789 1209 960 1299 volueris,
977 1209 1125 1293 deteres‚
1146 1209 1183 1281 δι
1209 1232 1284 1280 cum
1309 1211 1451 1284 ovo'&

485 1321 572 1395 vino
595 1320 732 1393 succido
755 1317 933 1404 admisces,
948 1314 1059 1388 addita
1079 1315 1177 1411 adipe
1203 1313 1366 1402 cervina,
1388 1314 1451 1386 vel

484 1426 691 1515 staedefuerit,
714 1425 899 1501 vervecina
918 1449 996 1497 cum
1021 1448 1097 1497 ceta
1120 1421 1282 1509 resolvis,
1305 1424 1345 1493 δι
1368 1444 1449 1494 cunt

484 1539 595 1636 tepida
610 1539 653 1611 ad
671 1562 780 1611 cornu
792 1536 931 1635 degeris.
950 1534 1163 1608 Gravissima
1177 1532 1335 1605 subvenit
1347 1533 1449 1626 ruffi,

481 1652 506 1724 si
532 1649 650 1747 pilulas
673 1647 818 1747 cypreffi
840 1649 1029 1742 decoquas,
1043 1646 1081 1719 δι
1103 1668 1221 1741 purges
1241 1642 1450 1740 diligenter,

482 1760 594 1850 addita
614 1757 781 1857 axungia,
804 1759 842 1830 δι
864 1754 1070 1852 anagallico,
1092 1757 1130 1829 &
1152 1754 1244 1827 soliis
1261 1748 1449 1826 teneriori·

481 1868 545 1941 bus
566 1868 678 1940 herbae
699 1866 885 1964 parietariae
897 1920 908 1952 ,
922 1865 1112 1938 contundas
1125 1863 1160 1938 in
1175 1864 1240 1960 pila
1253 1917 1265 1953 ,
1278 1866 1317 1938 &
1334 1864 1448 1960 pallil-

332 2040 336 2048 .
482 1978 536 2051 los
557 1978 598 2049 ad
622 1977 718 2049 nucis
744 1975 1010 2073 magnitudinem
1033 1972 1158 2066 facias,
1175 1973 1262 2067 quos
1289 1973 1449 2069 quotidie

482 2086 627 2181 impares
646 2111 722 2160 cum
741 2086 839 2159 melle
853 2084 989 2157 &oleo
1004 2085 1042 2157 δι
1056 2082 1138 2156 vino
1160 2079 1271 2176 passo,
1288 2081 1372 2154 ovis
1393 2082 1448 2153 in-

481 2194 606 2265 tinctos
632 2190 778 2285 dejicies.
804 2192 838 2264 Si
870 2193 981 2286 placet
1006 2217 1072 2288 pro
1094 2192 1206 2289 pilulis
1233 2192 1336 2265 etiam
1362 2193 1448 2267 folia

481 2287 625 2398 cypresli
652 2298 791 2374 contusa
813 2300 951 2373 miscere
971 2298 1050 2374 vcunt
1069 2302 1227 2378 omnibus
1250 2300 1348 2397 supra
1372 2304 1448 2378 scri·

480 2408 568 2503 ptis,
591 2426 688 2502 potes
711 2407 927 2503 liquidiorem
942 2408 1056 2495 ¹facere
1079 2407 1278 2503 potionem,
1301 2412 1340 2481 δι
1369 2412 1450 2485 date

480 2540 541 2613 pet
563 2540 683 2591 cornu.
697 2516 751 2589 Ad
774 2540 892 2588 omnes
904 2516 1005 2590 tusses
1029 2516 1130 2590 talem
1151 2517 1271 2590 dedere
1290 2519 1450 2619 plerique-

481 2626 658 2725 potionem
673 2654 682 2700 ε
695 2626 880 2724 Draganti,
893 2627 1065 2727 myrrhae,
1081 2625 1178 2722 spica
1190 2628 1284 2699 nardi
1301 2655 1368 2702 ana
1384 2658 1447 2703 un·

481 2727 566 2812 ciam
588 2763 689 2811 unam
706 2738 874 2811 detrivere
893 2738 1063 2827 sollerter,
1079 2740 1116 2812 δι
1131 2763 1206 2812 cum
1222 2739 1363 2814 duobus
1378 2742 1447 2818 sex-

481 2848 574 2921 tariis
594 2850 672 2943 paffi
692 2874 751 2945 pet
771 2849 919 2922 triduum
936 2848 1122 2922 diffudere,

533 2959 690 3030 LXVlll.
715 2958 769 3028 Ad
793 2959 945 3032 arteriam
970 2956 1214 3054 exasperatam,
1232 2958 1270 3031 δι
1297 2959 1341 3030 ad
1364 2959 1446 3057 spas-

481 3091 573 3139 mum
591 3093 600 3136 ε
622 3064 768 3161 Hyssopi
793 3066 935 3154 libram,
952 3066 1040 3138 foeni
1061 3069 1175 3139 Graeci
1193 3067 1377 3159 selibram,
1402 3070 1447 3145 se·

481 3172 582 3245 minis
601 3172 687 3260 lini,
709 3175 871 3261 tracanti,
890 3174 1079 3270 anagallici,
1095 3195 1178 3246 rutae
1198 3177 1318 3260 viridis
1339 3180 1447 3279 srngtt·

482 3281 530 3352 las
552 3278 705 3383 selibras,
721 3279 792 3352 salis
815 3280 982 3353 heminam
1005 3282 1176 3353 dimidiam
1200 3306 1384 3372 conteres,
1409 3292 1446 3363 δε

482 3389 588 3486 usque
608 3392 650 3464 ad
668 3392 799 3464 tertiam
814 3394 985 3489 decoques
999 3421 1077 3468 cum
1091 3397 1182 3493 passo
1196 3452 1206 3487 ,
1222 3398 1373 3472 tuffienti
1388 3424 1445 3497 per

482 3498 651 3587 triduum,
666 3500 764 3574 v‘ulso
787 3526 845 3596 per
869 3525 998 3576 novem
1018 3505 1088 3578 dies
1107 3505 1209 3578 dabis.
1232 3507 1302 3578 Alii
1329 3529 1445 3604 petro·

483 3606 577 3679 selini
595 3607 810 3679 Macedonici
835 3607 969 3681 unciam
994 3637 1094 3684 unam
1123 3613 1239 3698 semis,
1262 3615 1362 3688 dauci
1383 3642 1444 3689 un·

350 3721 355 3730 '
485 3720 570 3793 ciam
591 3721 870 3818 unam‚mytrhae
883 3773 894 3810 ,
909 3720 1007 3817 spicae
1029 3723 1122 3795 nardi
1134 3778 1145 3815 ,
1159 3724 1265 3806 costi,
1281 3729 1444 3818 tracanti,

484 3828 624 3927 singulas
643 3827 779 3915 uncias,
794 3828 885 3923 prius
898 3828 933 3900 in
952 3828 1056 3900 mulsa
1067 3829 1178 3925 tepida
1196 3827 1329 3904 diffusas
1341 3888 1352 3923 ,
1366 3860 1445 3908 aco·

483 3935 531 4024 ri,
548 3936 688 4032 piperis,
706 3935 830 4009 succari
852 3962 916 4008 ana
934 3937 1067 4010 unciam
1088 3964 1209 4029 unam,
1233 3959 1337 4035 guttae
1361 3948 1444 4016 Ant·

428 4085 436 4100 -v
482 4044 649 4138 mqniacae
667 4045 782 4121 uncias
801 4047 899 4134 duas,
917 4043 1020 4118 cassiae
1034 4045 1168 4121 unciam
1182 4072 1302 4137 unam,
1317 4053 1445 4145 pariter

393 4183 395 4186 ’
484 4156 658 4245 deterunt,
671 4154 821 4253 pastillos
835 4180 877 4227 ex
890 4153 994 4227 mulsa
1007 4153 1240 4252 faciunt,post
1253 4183 1330 4230 cum
1348 4164 1444 4257 pallo

484 4264 644 4357 dejiciunt
660 4266 806 4340 tedianti.
829 4267 882 4338 Ad
905 4264 1013 4338 tussim
1034 4287 1183 4341 veterem
1203 4272 1240 4344 δι
1265 4271 1307 4342 ad
1333 4273 1445 4370 suspi-

484 4372 592 4469 rium,
611 4377 669 4463 vel
688 4374 894 4470 anhelitum,
907 4378 945 4453 δι
960 4377 1003 4452 ad
1016 4376 1210 4478 synanchen
1234 4405 1315 4455 mox
1340 4383 1444 4460 dede³
