3875 5759
618 887 751 964 'ARTlS
776 885 991 963 VETERIN.
1017 886 1114 963 SIVE
1140 889 1324 967 MULOM.
1374 917 1445 995 239

492 1051 644 1125 omnium
661 1052 822 1146 portione
838 1050 1020 1138 consedis,
1038 1051 1138 1124 succo
1152 1043 1338 1148 prisanae'ac
1353 1051 1446 1151 palso

490 1159 682 1249 involutis,
696 1159 868 1232 attinslum
890 1159 1012 1231 animal
1024 1161 1167 1255 replebis
1180 1215 1191 1248 ,
1205 1163 1282 1255 [dc]
1304 1164 1357 1235 die
1374 1166 1447 1260 pri·
1554 1153 1557 1158 ⁸

490 1294 545 1368 rna
566 1268 728 1367 quinque
743 1267 874 1362 pillulas
893 1316 916 1354 ,-
930 1266 1081 1364 sequenti
1108 1270 1252 1364 septem,
1268 1271 1363 1344 tertia
1389 1273 1445 1346 die
1484 1283 1489 1295 '

490 1399 620 1449 novem
642 1378 778 1448 daturus
794 1400 836 1447 ex
851 1398 957 1447 more.
978 1376 1137 1471 Expensts
1152 1395 1263 1449 autem
1283 1379 1358 1467 his,
1380 1405 1444 1454 neu

490 1509 615 1582 ungere
635 1510 711 1558 cum
735 1483 821 1554 vino
838 1482 877 1555 δι
897 1483 978 1556 oleo
996 1483 1163 1579 tepesaslo
1179 1483 1263 1579 desit
1276 1485 1447 1584 industrias

489 1618 567 1665 nam
579 1592 794 1665 amariffimus
806 1593 943 1671 morbus
961 1618 1037 1665 cum
1052 1594 1110 1681 fit,
1123 1592 1219 1666 aliter
1233 1618 1302 1666 non
1318 1597 1448 1690 potest,

491 1700 554 1772 nisi
573 1702 691 1775 amaris
709 1699 920 1796 potionibus.
932 1700 1031 1773 solvi.
1049 1694 1229 1775 Contraria
1254 1704 1354 1786 enim¹
1370 1729 1445 1777 non

475 1809 550 1880 'nisi
576 1810 751 1884 contrariis
773 1808 948 1887 medicinis
971 1799 1153 1892 curantur(
1168 1808 1346 1883 Potionem
1373 1813 1446 1885 dia-:
1529 1871 1532 1878 .

488 1937 635 2013 penten,
656 1918 739 1991 ficut
758 1918 907 2011 superius
925 1914 1143 1985 monstratum
1159 1915 1225 2007 est,
1238 1909 1307 1988 n'on
1331 1916 1442 1993 solum
1519 1982 1524 1992 .

440 2085 445 2099 .
487 2028 713 2123 pertriduum
732 2054 808 2102 cum
827 2027 912 2099 vino
925 2073 936 2109 ‚
949 2024 1004 2096 sed
1025 2049 1083 2119 per
1108 2024 1368 2129 diesplurimos
1382 2030 1444 2101 da-

488 2134 558 2222 bis,
576 2156 612 2209 ut
627 2155 757 2208 tantum
769 2134 944 2208 discrimen
958 2134 1058 2231 poffit
1072 2133 1197 2228 evinci.
1212 2139 1354 2230 Quodsi
1368 2154 1445 2237 gra-1

436 2281 442 2290 ν
488 2242 569 2314 vior
590 2243 680 2316 russis
699 2243 956 2340 &strangulans
974 2242 1129 2341 urgebit,
1146 2245 1260 2340 accipe
1276 2244 1360 2319 fabae
1373 2246 1446 2320 ssad

489 2349 549 2422 &ae
568 2349 743 2423 sextarium
758 2376 885 2441 unum,
902 2345 975 2426 sevi
992 2350 1120 2447 caprini
1140 2353 1256 2424 uncias
1278 2375 1359 2440 tres,
1373 2354 1444 2430 allii
1530 2384 1533 2391 ’

486 2460 594 2556 capita
609 2460 736 2557 majora
749 2464 812 2536 tria
826 2462 992 2558 permixta
1005 2461 1194 2557 decoques,
1209 2464 1246 2534 &
1260 2490 1335 2537 cum
1350 2465 1442 2558 pallo

485 2571 542 2647 vel
561 2571 668 2645 succo
685 2573 831 2669 ptisanas
863 2574 1061 2644 hordeaceae
1091 2571 1244 2664 tepidum
1274 2562 1367 2643 dabis
1397 2573 1441 2644 ad

483 2704 602 2755 cornu.
623 2683 731 2773 Quod
747 2682 772 2753 sr
785 2679 909 2751 tardius
924 2675 1107 2771 profecerit
1120 2677 1179 2746 isla
1191 2673 1341 2764 curario,
1356 2675 1443 2750 ficus

484 2789 580 2874 srccae
611 2788 760 2881 pondera
786 2787 857 2855 duo
883 2781 1125 2877 diligentissime
1148 2782 1266 2852 tundis,
1283 2784 1319 2853 in
1344 2783 1443 2875 pila,¹

483 2891 686 2988 foenugreci
708 2888 886 2963 sextarium
901 2890 1092 2983 decoques,
1106 2884 1282 2983 quousque
1293 2912 1379 2982 aqua
1398 2887 1441 2960 ad

483 3000 697 3075 medietatem
718 2998 852 3087 veniat,
872 2996 948 3094 poll
965 2995 1117 3085 colabis‚
1132 2998 1175 3067 &·
1193 2989 1440 3094 foenugraecum

483 3112 520 3185 in
542 3111 707 3184 mortario
721 3135 800 3184 cum
817 3106 883 3183 sicu
903 3101 1068 3181 conteres.
1088 3107 1158 3179 allii
1170 3132 1309 3206 quoque
1319 3097 1439 3184 uncias

484 3241 553 3294 tres
567 3222 757 3294 contundes
771 3218 920 3292 similiter
938 3217 974 3289 in
992 3216 1180 3306 mortario,
1192 3219 1232 3289 '&
1244 3235 1310 3291 tam
1331 3237 1440 3307 rutae,

483 3355 584 3428 quam
604 3329 672 3425 apii
691 3328 865 3402 fasciculos
880 3346 996 3400 ternos
1008 3354 1017 3400 :
1031 3329 1153 3424 quibus
1171 3327 1329 3400 omnibus
1351 3330 1440 3424 pari·

483 3456 534 3510 ter
549 3438 684 3526 mixtis,
699 3438 876 3535 diligenter
895 3436 1001 3526 tritis,
1019 3436 1111 3508 addis
1133 3435 1300 3509 dracontii
1322 3435 1437 3511 uncins

482 3548 577 3619 duas.
594 3550 704 3640 Aqua,
717 3545 753 3618 in
768 3570 834 3642 qua
847 3542 1091 3637 soenugraecum
1105 3544 1236 3616 coslum
1251 3541 1369 3634 suerit,
1384 3545 1439 3642 sn·

482 3654 671 3755 perfundis,
685 3653 929 3750 potionemque
941 3652 1060 3741 facias,
1073 3678 1149 3749 quae
1163 3679 1222 3749 per
1236 3677 1344 3727 cornu
1359 3657 1437 3753 pos·

481 3767 523 3839 stt
543 3765 698 3837 effluere:
716 3790 815 3860 quam
832 3764 932 3836 etiam
952 3762 1160 3836 tussientibus
1174 3765 1231 3837 vel
1254 3766 1355 3838 vulsis
1375 3784 1435 3838 aut

479 3871 588 3968 ruptis
601 3869 799 3943 animalibus
814 3895 873 3966 per
886 3871 1034 3943 triduum
1049 3872 1152 3943 dabis.
1163 3873 1310 3967 Sequens
1323 3896 1436 3943 reme·

481 3977 573 4051 diurn
587 3979 630 4051 ad
642 3977 771 4051 aridum
785 3977 963 4060 morbum:
981 3982 1069 4051 lnter
1083 4002 1177 4052 nares
1189 3980 1338 4075 jumenta
1352 3979 1434 4052 scal-

481 4087 574 4183 pello
595 4086 742 4177 secabis,
763 4087 940 4182 &aquam
962 4083 1114 4183 srigidam
1138 4110 1196 4181 per
1220 4086 1360 4158 fislulam
1386 4087 1434 4159 la·

482 4216 553 4269 tam
570 4193 641 4289 ejus
655 4195 707 4268 ori
723 4196 912 4291 suppones,
927 4197 1087 4292 naresque
1105 4195 1202 4293 ipsius
1222 4195 1344 4269 assidue
1363 4195 1432 4268 die·

480 4307 544 4380 bus
567 4303 718 4402 plurimis
744 4330 896 4404 merges,
916 4326 955 4382 ut
980 4306 1155 4404 suspirium
1179 4303 1371 4381 distabescat
1395 4304 1431 4379 itt
