3875 5759
539 917 585 1019 38
658 868 1446 996 333333133331313

537 1080 717 1181 praedislos
728 1079 799 1154 dies
814 1080 961 1179 saginam
980 1081 1132 1178 replebit.
1149 1053 1406 1153 Observanriunn
1421 1077 1500 1152 sane

409 1276 411 1281 ¹
537 1190 608 1280 est,
629 1208 667 1262 ut
684 1191 796 1264 offulae
814 1189 893 1286 ipsae
914 1190 995 1265 oleo
1011 1192 1204 1289 levigentur
1225 1188 1378 1285 asperso,
1392 1190 1430 1262 &
1450 1186 1501 1261 133

537 1298 727 1373 inserantur
750 1301 928 1390 saucibus,
954 1325 997 1385 ne
1022 1299 1084 1372 sub
1110 1298 1227 1372 infima
1252 1298 1387 1394 lingue·
1403 1317 1500 1392 parte

536 1427 751 1505 mergantur:
767 1403 863 1509 quod
879 1410 902 1483 si
921 1408 1098 1498 evenerit,
1116 1407 1224 1498 statim
1244 1422 1398 1503 pereunt.
1412 1402 1504 1478 lllud

536 1543 676 1615 quoque
697 1545 902 1617 magnopere
923 1544 1095 1608 curemus,
1111 1543 1154 1592 ne
1171 1517 1385 1642 prebeantur
1405 1536 1505 1587 nova

536 1626 714 1719 alimenta,
728 1630 790 1704 nisi
812 1630 943 1728 digestis
961 1630 1057 1718 aliis3
1070 1627 1150 1728 quia
1165 1623 1398 1704 33313311113133
1412 1646 1504 1703 0333

532 1735 605 1810 'cibi
625 1737 782 1814 haerentis
798 1740 997 1840 exstinguit.

529 1915 532 1920 .
584 1847 703 1919 XXX.
722 1851 829 1922 Anser
843 1850 919 1923 sane
939 1874 1003 1938 nec
1020 1848 1087 1922 line
1105 1848 1232 1938 herba,
1246 1870 1309 1919 nec
1330 1839 1398 1918 line
1414 1866 1502 1940 aqua
1576 1837 1580 1843 ’

537 1927 637 2046 133113
657 1950 862 2048 sustinetur:
853 1953 968 2028 locis
991 1954 1164 2029 consitis
1151 1953 1313 2052 rnpnicus
1328 1930 1400 2039 est,
1422 1948 1503 2046 quia

537 2039 606 2134 sata
627 2060 667 2134 &
685 2060 782 2134 mors
777 2089 800 2135 3
820 2062 912 2137 laedit
934 2065 973 2137 &
992 2059 1164 2136 stercores
1154 2060 1296 2157 pullos
1310 2057 1441 2156 praeslat
1461 2059 1503 2131 &

539 2167 705 2263 plumas,
710 2196 795 2266 quas
817 2173 855 2245 &
869 2171 1052 2244 nullumno
1070 2168 1232 2242 vellamus
1253 2169 1292 2241 &
1314 2188 1407 2237 vere.
1427 2161 1503 2258 Uni
1591 2189 1594 2193 ·

499 2342 503 2349 .
538 2275 772 2350 masculotres
791 2277 925 2352 semine
944 2275 1174 2350 131113133351
1195 2275 1276 2349 defit
1292 2271 1439 2359 fluvius,
1454 2270 1504 2343 13

538 2407 627 2468 3333
651 2370 830 2458 formetur.
854 2385 889 2458 si
910 2385 1012 2458 herba
1036 2408 1109 2456 non
1130 2382 1294 2481 suppetit,
1315 2379 1504 2470 trifolium,

538 2489 674 2566 suenum
693 2496 853 2569 Graecum
864 2494 1033 2592 ,agrestia
1057 2495 1193 2585 intuba,
1215 2491 1392 2569 1311333133
1413 2490 1503 2566 sere·

407 2671 412 2679 .
536 2626 612 2685 mus
635 2602 810 2679 alimento.
836 2604 915 2677 Albi
942 2604 1175 2679 soecundiores
1200 2596 1505 2692 133333331331ἱ

536 2706 623 2783 fusci
635 2708 774 2801 minus,
788 2712 867 2809 quia
886 2712 927 2785 de
940 2707 1059 2809 agresti
1078 2735 1200 2811 genere
1216 2709 1260 2784 ad
1281 2706 1511 2800 domesticum.

536 2819 937 2898 transierunt.1ncubant
960 2848 979 2895 a
1001 2819 1166 2916 Kalendis
1190 2818 1305 2893 Martii
1328 2815 1432 2914 usque
1459 2815 1521 2913 adp

537 2926 694 3002 aestivum
711 2929 899 3002 solstitium.
912 2927 990 3000 Plus
1004 2929 1154 3025 parient,
1165 2929 1190 3001 fi
1203 2926 1336 3027 gallinis
1347 2949 1414 3002 ova
1428 2923 1506 3022 supe

536 3029 659 3135 ponas.
682 3040 880 3110 Extremum
904 3058 1036 3135 partum
1059 3030 1219 3114 matribus
1240 3038 1307 3136 jam
1334 3038 1503 3114 vacaturis

535 3145 681 3220 educare
699 3146 934 3244 permittimus.
955 3146 1115 3228 Pantucae
1128 3148 1170 3221 ad
1183 3149 1298 3220 haram
1312 3135 1505 3244 perducan·
1531 3166 1536 3170 ·

538 3268 607 3345 333.
628 3278 706 3328 curn
725 3252 825 3327 semel
847 3254 916 3327 hoc
931 3253 1073 3344 feceris,
1088 3254 1366 3342 consuetudinem
1380 3252 1503 3350 sponte

538 3338 1231 3459 3311331333.63111313,1133333333133,
1255 3364 1356 3438 etiam
1377 3362 1503 3438 anseris

538 3494 612 3546 ova
625 3470 806 3570 supponas.
821 3471 877 3545 sed
889 3470 1041 3546 anserina
1056 3498 1125 3547 ova
1138 3498 1180 3548 ne
1201 3492 1408 3597 noceantur,
1422 3471 1503 3569 sup·

539 3578 657 3676 politis
670 3578 864 3676 subjiciatur
875 3580 994 3657 urtica.
1001 3571 1107 3666 Parni
1120 3581 1237 3679 primis
1252 3582 1369 3657 decem
1386 3578 1504 3686 ‹liebus

539 3687 632 3773 intus
650 3688 806 3784 pascendi
824 3689 925 3782 sunt,
946 3690 1062 3789 postea
1084 3688 1203 3765 sereno
1229 3715 1289 3764 eos
1315 3688 1503 3787 poterimus

539 3798 705 3889 educere,
723 3798 782 3872 ubi
799 3799 909 3898 urtica
928 3826 1001 3875 non
1020 3796 1139 3891 fuerit,
1158 3797 1407 3899 331333331303
1428 3798 1503 3870 for·

540 3908 681 3996 3311333.
703 3911 866 4001 Quatuor
892 3911 1053 3985 menfiunt
1079 3912 1166 3984 bene
1190 3912 1402 4011 saginantur:
1423 3936 1502 3990 3333

540 4017 659 4092 melius
674 4015 710 4090 in
723 4036 819 4089 aetate
832 4011 946 4091 tenera
963 4018 1194 4117 pinguescunt.
1205 4020 1356 4104 Polema
1369 4019 1504 4091 dabitur

541 4126 580 4200 in
602 4129 656 4202 die
675 4146 736 4201 ter.
763 4126 853 4226 large
871 4128 1016 4227 vagandi
1031 4129 1166 4202 licentia
1184 4129 1390 4226 prohibet-ur.
1416 4130 1501 4203 loco

468 4327 470 4332 Δ
542 4231 691 4332 obscuro
708 4235 914 4330 claudentur
935 4240 977 4313 δι.
998 4238 1133 4312 calido:
1157 4238 1202 4314 113
1225 4236 1372 4334 majores
1399 4239 1501 4312 etiam

541 4346 691 4428 secundo
705 4346 817 4427 mense
834 4347 1072 4448 pinguescunt,
1089 4374 1167 4427 nam
1187 4348 1323 4449 parvuli
1336 4348 1428 4449 saepe
1446 4346 1502 4422 die
