3875 5759
546 895 618 989 446
717 887 1350 972 vnottrrtturv.

546 1054 581 1127 se
596 1055 757 1141 doceam,
778 1070 889 1124 tamen
907 1073 1117 1148 quaecunque
1141 1048 1351 1121 videbantur
1378 1047 1528 1144 probata

547 1161 814 1257 conscripsimus.
838 1161 965 1231 Verum
990 1183 1033 1231 ne
1059 1157 1196 1255 longior
1223 1158 1310 1228 liber
1335 1157 1528 1231 confusio·

548 1296 627 1345 nem
646 1272 746 1369 magis
761 1268 969 1367 legentibus,
984 1292 1085 1366 quam
1100 1268 1366 1339 instructionem
1390 1269 1528 1343 videre·

548 1402 606 1455 tut
619 1380 901 1471 afferte,modum
915 1380 1053 1475 plenum
1074 1379 1239 1452 credimus
1251 1375 1482 1471 faciendum,
1494 1382 1528 1453 il·

548 1493 610 1565 lud
633 1492 754 1564 iterum
778 1489 975 1588 iterumque·
992 1506 1274 1576 commonentes,
1299 1503 1341 1559 ut
1369 1489 1528 1588 diligenti

546 1626 628 1676 cura
646 1601 835 1697 passionum
851 1617 1051 1674 occurratur
1065 1597 1226 1686 exordiis.
1241 1621 1322 1669 narn
1339 1597 1454 1670 etiam
1476 1601 1525 1671 in·

548 1711 715 1785 curabiles
730 1708 995 1807 agritudines‚si
1016 1727 1198 1805 praeventae
1218 1707 1375 1797 suerint,
1390 1711 1525 1783 meden·
1599 1759 1602 1764 ‚

549 1822 592 1894 tis
604 1843 675 1895 arte
691 1821 891 1895 vincuntur.
906 1827 1105 1894 lnveteratas
1118 1818 1251 1909 causas,
1264 1819 1376 1894 etiam
1393 1820 1523 1913 faciles,

548 1934 659 2007 curati
674 1926 760 2028 ¹saepe
773 1955 845 2003 non
860 1932 971 2027 polle,
985 1930 1061 2028 legi.

598 2045 760 2117 xxvru.
772 2042 1019 2137 Cephalicum,
1034 2039 1129 2138 quod
1144 2036 1223 2114 facit
1242 2038 1285 2111 ad
1303 2040 1434 2114 omnia
1448 2039 1523 2113 vul·

548 2178 630 2227 nera
648 2152 797 2224 difficilia
814 2152 998 2224 claudenda
1012 2154 1049 2225 δι
1061 2149 1265 2247 supplenda:
1277 2152 1411 2224 Herbae
1424 2172 1523 2248 pana·

549 2263 599 2334 cis
630 2260 775 2346 radicet,
799 2279 853 2330 tus
886 2259 1091 2345 masculum,
1122 2260 1322 2357 myrrham,
1354 2261 1521 2357 pollinem

547 2370 644 2456 ervi,
655 2367 739 2439 rosae
755 2368 835 2438 folia
849 2369 941 2441 arida
956 2369 1041 2441 bene
1055 2370 1182 2443 trita&
1195 2369 1356 2446 cribrata.
1377 2372 1436 2446 hic
1451 2373 1521 2468 pul·

549 2477 604 2554 vis
634 2476 809 2550 consedus
834 2475 983 2565 difficilia
1012 2476 1155 2548 vulnera
1186 2477 1317 2550 claudit
1344 2506 1388 2553 ac
1416 2501 1519 2555 curat.

550 2589 653 2662 Nunc
671 2586 769 2660 etiam
784 2588 809 2659 si
827 2586 925 2661 melle
940 2587 1104 2673 decutio,
1118 2589 1155 2660 δι
1172 2586 1252 2660 huic
1266 2588 1518 2663 medicamento

550 2697 661 2773 mixto
673 2698 859 2796 collyrium
871 2696 1129 2784 sacias‚&altis
1141 2695 1421 2772 sub-vulneribus
1434 2697 1519 2769 sillu-

549 2809 593 2882 lae
611 2808 786 2902 subjicias,
800 2808 900 2882 citius
920 2808 1071 2905 supplere
1091 2810 1128 2881 δι
1151 2808 1262 2879 sanare
1283 2809 1395 2907 cogit.
1410 2808 1519 2882 Medi·

550 2939 742 2994 cementum
764 2919 984 3007 consuetum,
1000 2919 1034 2989 in
1056 2917 1116 2989 usu
1139 2916 1344 3014 quotidiano
1370 2917 1518 2993 necessa·

483 3051 485 3054 ·
549 3028 664 3116 rium,
683 3046 824 3121 propter
846 3027 1088 3121 compendium
1113 3029 1150 3100 δι
1176 3051 1289 3099 motas
1316 3026 1365 3100 ita
1393 3028 1518 3102 facies:

457 3217 460 3222 Δ
550 3134 749 3229 AEruginem
758 3187 770 3221 ‚
784 3135 960 3207 chalcitem
972 3190 983 3224 ,
996 3138 1070 3210 aeris
1086 3136 1224 3227 florem,
1239 3162 1284 3211 aes
1297 3136 1430 3225 ustum3
1448 3140 1521 3210 haec

549 3241 637 3314 bene
659 3239 737 3312 trita
758 3243 795 3313 &
816 3240 959 3313 cribrata
982 3267 1083 3339 aequo
1105 3246 1258 3337 pondere
1274 3244 1522 3320 catastalticum

549 3348 700 3440 faciunt,
715 3352 810 3447 quod
830 3374 965 3424 carnem
983 3351 1282 3449 supercrescentem
1296 3354 1522 3427 comedendo

550 3459 690 3534 effovet.
704 3464 781 3533 Hoc
800 3462 888 3533 idem
902 3487 981 3535 cum
996 3465 1147 3537 aceto&
1163 3464 1262 3538 melle
1274 3460 1454 3535 decoctum
1477 3464 1522 3536 ad

475 3599 477 3603 ·
550 3567 660 3641 mellis
684 3569 952 3660 crassitudinem,
968 3568 1069 3646 facies
1093 3571 1400 3661 medicamentum,
1420 3572 1520 3667 quod

528 3675 632 3749 sarit
642 3676 684 3748 ad
697 3676 812 3749 omnia
827 3679 1021 3752 vulnera&
1039 3703 1180 3754 cancros
1199 3679 1469 3779 elympidanda,
1484 3683 1521 3754 &

551 3785 623 3859 osia
636 3785 798 3861 scabrosa.
811 3789 938 3862 Chlota
952 3790 1257 3879 medicamentum,
1273 3791 1370 3889 quod
1383 3790 1468 3866 facit
1479 3791 1520 3865 ad
1586 3825 1595 3846 ι

551 3895 669 3967 omnia
684 3896 825 3969 vulnera
844 3898 1013 3995 complete
1023 3899 1274 3998 'lympidanda,
1291 3900 1349 3973 vel
1364 3900 1437 3975 fine
1450 3899 1520 3974 dif-

548 4000 701 4078 ficultate
725 4008 921 4083 claudenda.
944 4009 1127 4099 Punicam,
1150 4010 1290 4083 resinam
1316 4012 1521 4087 terebinthi·

551 4138 648 4202 nam,
665 4118 847 4191 medullam
870 4122 1065 4208 cervinam,
1090 4120 1288 4217 eruginem,
1311 4123 1452 4214 oleum,
1474 4126 1521 4199 ita

486 4230 489 4236 '
553 4222 727 4325 conficies,
739 4247 903 4323 quantum
917 4227 1050 4301 sufficit.
1060 4229 1520 4331 Tetrapharmacuin,quod
1596 4308 1601 4326 ..

525 4367 528 4376 ·
553 4332 635 4409 facit
653 4335 696 4410 ad
718 4334 834 4434 omnia
856 4336 998 4417 vulnera
1014 4336 1274 4438 elympidanda,
1289 4341 1328 4417 δι
1355 4343 1519 4423 velocius
