3875 5759
616 1063 621 1069 ,
668 987 769 1086 irs.
818 988 927 1110 vn..
956 984 1249 1067 tnutns.
1374 1012 1446 1093 ¹47

482 1145 555 1221 neri
577 1145 742 1239 mixtam,
759 1149 846 1221 bene
864 1148 1097 1236 servabimus,
1123 1149 1180 1221 vel
1204 1146 1290 1223 vasis
1309 1150 1450 1230 oleariis

482 1274 540 1329 aut
555 1254 804 1329 salsamentariis
819 1255 973 1353 repletis,
984 1255 1159 1354 slatimque
1174 1257 1332 1355 gypsatis.
1344 1261 1378 1333 N
1381 1284 1449 1339 unc

482 1370 522 1439 δι
546 1367 622 1439 faba
639 1368 716 1439 luna
738 1368 911 1441 minuente
933 1366 1102 1454 velletur,
1116 1388 1194 1441 ante
1214 1368 1324 1441 lucem
1349 1372 1451 1461 sane}

483 1476 716 1572 &antequam
738 1476 817 1550 luna
842 1477 1029 1572 procedat,
1051 1476 1184 1547 excussa
1198 1478 1237 1549 δι
1255 1476 1451 1575 refrigerata

485 1604 647 1683 ponatur.
660 1587 706 1659 ira
721 1587 943 1686 gurguliones
957 1612 1028 1657 non
1049 1588 1194 1681 patietur
1205 1586 1354 1662 infestos.
1369 1591 1453 1665 Hoc

462 1697 464 1702 ’
483 1694 596 1769 mense
617 1697 753 1794 lupinus
768 1697 965 1794 colligitur,
983 1698 1058 1770 &fi
1079 1697 1262 1791 placuerit,
1281 1698 1387 1770 naum
1403 1702 1453 1774 se·

484 1826 576 1879 retur
592 1830 636 1877 ex
654 1834 756 1879 area:
781 1806 837 1878 sed
856 1808 959 1899 longe
979 1805 1022 1875 ab
1038 1805 1183 1873 humore
1205 1806 1252 1875 est
1272 1810 1453 1900 ponendus

411 1982 416 1998 ,
484 1914 520 1988 in
542 1916 684 1988 horreis.
703 1918 748 1989 stc
764 1914 855 1987 enim
875 1912 1055 1982 diutissime
1076 1910 1287 2002 custoditur,
1304 1917 1451 1992 maxime

486 2026 512 2099 sr
533 2026 687 2124 granaria
705 2023 776 2117 ejus
799 2020 962 2094 afflaverit
985 2015 1099 2092 fumus
1121 2020 1275 2097 assiduus.
1374 2062 1375 2065 ¹

468 2143 471 2150 “
534 2142 595 2209 1v.
619 2138 698 2207 Hoc
715 2133 827 2206 mense
851 2133 940 2206 circa
956 2121 1143 2206 ¹solslitium
1165 2136 1341 2209 braslicam
1364 2138 1456 2212 sere-1

486 2271 575 2335 mus,
591 2270 692 2341 quam
707 2243 890 2319 inchoante
902 2235 1147 2317 transferemus
1156 2246 1321 2343 Augusto,
1336 2248 1393 2320 vel
1406 2250 1457 2321 ir·

487 2356 588 2454 riguo
603 2357 705 2446 loco,
722 2356 777 2429 vel
797 2356 916 2452 pluvia
930 2355 1088 2435 initiante
1113 2358 1310 2433 madefasto.
1328 2362 1457 2457 Apium

488 2491 628 2564 quoque
647 2467 733 2539 bene
748 2465 854 2539 serere
874 2467 1082 2561 poterimus,
1099 2470 1192 2541 betas
1206 2473 1242 2543 δι
1256 2470 1404 2561 radices,
1417 2474 1459 2548 δι
1504 2509 1508 2519 ·

487 2577 653 2666 laslucas,
675 2580 713 2651 δι
732 2579 971 2661 coriandrum,
989 2580 1012 2648 st
1030 2577 1189 2673 rigemus.

538 2692 582 2762 V.
604 2690 684 2761 Hoc
704 2689 804 2759 etiam
819 2687 931 2757 mense
953 2712 1064 2756 ramus
1087 2687 1206 2759 Punici
1225 2686 1336 2780 (sicut
1358 2689 1459 2785 supra

490 2792 664 2890 diximus)
687 2790 815 2887 poterit
834 2791 924 2862 intra
944 2788 1046 2863 fissile
1072 2790 1245 2865 vasculum
1270 2794 1401 2886 claudi,
1420 2816 1469 2872 ut·

492 2904 536 2977 ad
561 2901 632 2995 ejus
658 2896 925 2996 magnitudinem
949 2923 1054 2994 poma
1077 2898 1236 2973 restituar.
1260 2899 1364 2978 Nunc
1386 2906 1463 3002 pira

493 3011 553 3085 vel
567 3010 671 3101 mala,
688 3008 746 3081 ubi
763 3032 876 3081 ramos
889 3008 995 3080 multa
1011 3034 1115 3106 poma
1130 3010 1338 3101 densabant,
1354 3013 1463 3087 inter-

493 3122 635 3220 legenda
649 3120 723 3191 sunt
745 3143 957 3215 quacunque
972 3118 1118 3207 vitiosa,
1131 3138 1169 3194 ut
1183 3120 1320 3207 succus,
1335 3126 1393 3219 qui
1408 3125 1464 3198 in-

494 3254 586 3334 grate
603 3232 653 3304 his
668 3231 776 3329 posset
796 3228 969 3325 impendi,
985 3230 1027 3303 ad
1048 3231 1189 3304 meliora
1207 3252 1365 3307 vertatur.
1383 3237 1464 3311 Hoc

495 3346 596 3415 ctiam
615 3339 748 3431 mense,
771 3338 857 3411 locis
877 3337 1028 3436 frigidis,
1043 3338 1213 3435 ziziphum
1235 3340 1340 3413 serere
1360 3366 1466 3437 pote·

496 3446 612 3527 rimus.
638 3453 741 3523 Nunc
763 3444 998 3544 caprificandae
1019 3447 1256 3534 suntarbores
1277 3450 1360 3540 fici,
1381 3451 1464 3530 ficut
1581 3473 1593 3556 ζ,

498 3561 535 3634 in
567 3556 639 3653 ejus
668 3558 879 3630 narravimus
905 3556 1094 3652 disciplina.
1121 3559 1225 3655 aliqui
1248 3587 1302 3633 eas
1329 3566 1367 3636 &
1394 3568 1464 3641 hoc
1557 3582 1564 3597 ·

498 3668 611 3742 mense
632 3667 793 3740 inserunt.
809 3664 911 3740 Locis
929 3664 1058 3762 frigidis
1079 3669 1227 3741 Persicus
1243 3671 1465 3748 inoculatur:

501 3780 621 3876 palmae
641 3777 753 3873 planta
770 3774 1039 3853 circumfoditur.
1059 3780 1137 3851 Hoc
1158 3781 1270 3850 mense
1293 3776 1464 3854 vel'lulio

499 3892 689 3963 celebratur
707 3887 820 3960 insitio
834 3887 870 3960 in
889 3887 1022 3983 pomis,
1037 3913 1114 3985 quae
1127 3888 1355 3981 emplastratio
1380 3893 1466 3963 dici·

501 4017 567 4073 tur.
587 3998 666 4070 solis
681 3995 863 4077 arboribus
881 3995 1070 4083 convenit,
1092 3991 1219 4091 qulbus
1234 3998 1370 4093 pinguis
1392 3997 1466 4073 suc·

504 4106 622 4179 cusin
644 4105 773 4179 cortice
786 4100 856 4196 est,
871 4124 910 4178 ut
928 4105 1001 4179 sicis
1023 4107 1060 4179 &
1085 4104 1194 4196 oleis,
1213 4133 1251 4178 ac
1277 4108 1466 4201 similibus,

505 4231 543 4288 ut
566 4215 730 4287 Martialis
747 4216 850 4306 dicit,
866 4220 903 4292 &
915 4218 1061 4291 Persico.
1076 4214 1113 4288 fit
1125 4237 1236 4289 autem
1252 4217 1315 4288 src:
1332 4222 1380 4289 Ex
1398 4247 1466 4293 no-

504 4324 605 4394 vellis
621 4324 722 4396 ramis
742 4328 781 4399 &
800 4324 915 4399 nitidis
928 4353 968 4401 ac
989 4324 1154 4400 feracibus
1177 4351 1364 4423 gemmam,
1390 4352 1467 4427 quae

482 4465 489 4481 ·
504 4430 592 4509 bene
609 4434 785 4533 apparebit
804 4434 874 4510 tine
896 4436 1003 4514 dubio
1018 4438 1237 4620 processus?
1259 4438 1394 4518 dnobus
1412 4443 1468 4537 di2

1255 4572 1295 4622 2,
1395 4593 1397 4598 ,
