3875 5759
480 925 1352 1021 u4tnttnnttnurttm

480 1111 564 1185 pet,
577 1084 705 1181 alligati
720 1103 939 1184 :tegumento
954 1112 1096 1183 quoque
1112 1088 1228 1184 aliquo
1243 1115 1261 1160 a
1276 1089 1389 1163 ventis
1406 1092 1445 1163 ὅτ,

480 1223 501 1271 a
516 1197 586 1270 sole
597 1194 751 1284 defendi,
765 1222 808 1268 ne
825 1196 863 1268 ht
872 1196 1046 1293 quatiant,
1058 1197 1113 1271 hic
1129 1199 1257 1274 adurat.
1269 1199 1339 1273 Ubi
1353 1201 1445 1274 calor
1483 1210 1487 1214 ’

480 1304 645 1418 temporis
660 1304 991 1409 coeperit,ligaturae
1002 1305 1063 1402 ipsi
1079 1304 1260 1403 pinnicillo
1277 1308 1367 1382 circa
1376 1333 1446 1386 ve·

358 1485 362 1492 ,
481 1413 641 1509 speram
633 1416 742 1488 tenuis
763 1415 863 1492 debet
883 1404 1077 1512 frequenter
1095 1418 1219 1490 humor
1241 1416 1390 1506 all'ttndi,
1409 1437 1445 1491 ut

482 1525 554 1597 hoc
574 1522 739 1598 alimento
759 1545 880 1600 contra
899 1526 969 1635 vim
992 1525 1075 1600 coeli
1090 1526 1252 1601 torrentis
1271 1528 1448 1601 animetur.

390 1668 399 1690 ν
481 1636 572 1707 Cum
585 1660 667 1733 ergo
679 1661 815 1736 germen
829 1626 981 1734 ruperit,
991 1640 1028 1712 dt
1044 1638 1185 1735 aliquod
1200 1639 1328 1734 ceperit
1340 1637 1448 1709 incre·

482 1765 656 1829 mentum,
670 1746 790 1819 calami
803 1744 978 1839 adjutorio
998 1746 1097 1818 debet
1114 1747 1263 1835 annelli,
1279 1772 1320 1818 ne
1333 1766 1448 1818 motus

482 1848 604 1949 aliquis
628 1850 779 1950 fragilem
803 1853 1062 1949 procedentiss
1056 1853 1200 1932 armenti
1219 1800 1345 1951 qtiasset
1366 1871 1449 1925 aeta·

483 1976 562 2034 tem.
578 1959 636 2032 ubi
648 2028 651 2033 .
662 1963 801 2035 solidius
813 1959 1116 2062 ¹quantumcunque
1133 1961 1351 2061 processerit,
1366 1962 1448 2033 vin-

482 2072 558 2145 cula
585 2089 725 2168 'oportet
749 2074 920 2162 abscindi,
944 2100 987 2146 ne
1012 2075 1236 2150 adolescentia
1263 2070 1448 2147 mollissimi

482 2181 645 2281 germinis
665 2184 760 2255 nodo
778 2185 871 2255 durae
889 2182 1138 2256 consttillionis
1158 2206 1310 2283 angatur.
1333 2179 1449 2275 Aliqui

483 2291 574 2363 infra
597 2310 720 2363 terram
743 2291 1046 2388 semipedis‘spatio
1068 2292 1193 2365 effossae
1214 2294 1277 2366 viti
1298 2292 1450 2364 surculos

483 2372 655 2489 inserunt,
667 2402 706 2473 &
725 2399 894 2473 beneficio
915 2400 1146 2500 congestionis
1162 2401 1396 2487 accumulant,
1413 2417 1451 2471 ut

483 2508 555 2582 boc
567 2531 706 2605 quoque
720 2509 824 2582 novis
835 2508 1017 2581 sarmentis
1024 2528 1146 2606 praeter
1158 2510 1299 2584 nutricis
1311 2510 1451 2583 alimen·

389 2679 391 2683 ,
485 2625 521 2690 ta
538 2614 728 2702 subveniat.
747 2615 969 2692 Nonnulli
940 2644 1030 2695 circa
1052 2637 1155 2691 terras
1170 2603 1288 2691 melius
1307 2618 1451 2691 asserunt

483 2720 699 2798 inserendum
711 2727 820 2824 ,quia
837 2726 874 2799 in
895 2727 1010 2800 altiori
1030 2727 1201 2800 difficilius
1222 2728 1450 2851 comprehen-

483 2832 583 2906 dunt.
604 2833 719 2931 Usque
737 2836 780 2907 ad
796 2836 900 2925 rIdus,
915 2836 973 2911 vel
996 2837 1241 2935 aequinollium
1261 2837 1349 2909 vites
1363 2837 1450 2909 locis

362 2991 366 2996 -
429 3031 433 3038 .
483 2939 622 3039 frigidis
631 2944 815 3040 pangendae
833 2944 927 3034 sunt,
942 2944 1000 3018 seu
1022 2944 1154 3041 pastino
1163 2999 1176 3037 ,
1188 2945 1244 3018 seu
1262 2945 1378 3036 sulco,
1393 2944 1450 3018 seu

484 3046 683 3137 scrobibus,
693 3076 812 3140 more,
830 3076 902 3150 quo
915 3052 1040 3128 dilium
1055 3052 1112 3125 esl.

534 3158 575 3231 11.
593 3156 695 3230 Nunc
716 3158 802 3231 locis
817 3160 946 3256 frigidis
964 3181 1058 3256 prata
1077 3160 1248 3256 purganda
1262 3180 1363 3257 atque
1380 3160 1449 3232 ser·

484 3267 599 3342 vanda
621 3268 814 3348 sunt..,locis
835 3270 954 3367 gelidis
980 3270 1086 3343 colles
1110 3271 1269 3366 pingues,
1292 3273 1448 3367 &agros

483 3375 676 3474 uliginosos
702 3369 939 3474 proscindere,
964 3398 1065 3474 atque
1089 3365 1227 3451 exarare
1249 3378 1449 3451 conveniet.

479 3488 653 3563 Vervalla
680 3488 802 3581 etiam,
823 3513 899 3588 quae
920 3485 1081 3561 lanuario
1106 3485 1220 3561 mense
1245 3487 1321 3559 sunt
1341 3485 1449 3578 saeta,

483 3616 647 3694 repetere.
775 3617 778 3621 ’

532 3709 587 3781 lll.
604 3704 785 3780 Calidis&
803 3706 896 3782 siccis
914 3649 1111 3802 regionibus
1125 3702 1284 3800 panicum
1304 3702 1450 3776 seremus

378 3844 403 3894 ·.
482 3819 523 3893 8(
547 3797 689 3889 milium.
714 3819 844 3887 Levem
867 3815 907 3888 δι
931 3813 1075 3885 solutam
1093 3830 1218 3884 terram
1240 3810 1448 3882 desiderant.

361 3949 364 3956 ·
481 3950 548 4001 nec
564 3923 600 3997 in
616 3924 776 3997 sabulone
790 3906 920 4012 soloni,
934 3920 1038 3995 sedin
1051 3945 1150 3994 arena
1164 3944 1310 4018 quoque.
1319 3942 1448 4011 prove

483 4027 608 4126 niunt,
636 4033 825 4108 dtmrmodo
853 3976 960 4110 coelo
975 4029 1117 4103 humido
1142 4033 1179 4105 &
1202 4027 1278 4101 solo
1300 4025 1449 4098 serantur

483 4146 641 4245 irriguo·
654 4144 733 4249 quia
750 4144 874 4218 siccum
891 4147 927 4219 δι
944 4141 1137 4239 argillosam
1156 4163 1272 4264 agrurn
1289 4133 1447 4207 reformi-

485 4256 579 4328 dant.
602 4256 725 4328 Herbis
747 4252 931 4325 liberentur
951 4251 1099 4325 assidue:
1121 4249 1270 4349 quinque
1297 4244 1447 4320 sextariis

484 4362 657 4463 spatium
647 4390 757 4466 Jugen
744 4362 1015 4461 complebitur.
