3875 5759
451 825 530 982 '94
602 881 1348 988 naunanrruumrr

484 1043 557 1117 snm
572 1040 698 1130 facias,
715 1066 823 1138 neque
835 1058 1014 1140 antequam
1026 1042 1104 1114 usui
1118 1043 1291 1116 necellaria
1306 1044 1445 1117 videan-

482 1172 540 1226 tur
558 1152 642 1242 elle,
657 1151 845 1249 contingas.
866 1152 994 1224 Vinum
1009 1155 1048 1226 δι
1068 1159 1199 1224 acetum
1212 1151 1249 1225 fit
1264 1179 1307 1225 ex
1329 1156 1445 1240 malis,

481 1263 566 1337 sicut
583 1286 627 1333 ex
650 1260 730 1356 piris
753 1278 831 1333 ante
845 1261 1004 1357 precepi.
1025 1260 1199 1359 Cydoniis
1215 1262 1358 1336 serendis
1373 1266 1445 1361 ple·

380 1378 385 1388 ‘
482 1372 578 1470 rique
602 1391 757 1468 tempora
782 1369 916 1469 diversa
936 1372 1117 1444 dixerunt:
1139 1391 1250 1452 tamen
1278 1373 1363 1444 mihi
1385 1374 1446 1444 usu

406 1539 431 1559 ..
480 1492 697 1577 compertum
717 1480 784 1566 est,
804 1479 841 1550 in
867 1479 960 1551 ltalia
984 1481 1231 1578 circaqurbem,
1250 1481 1362 1554 mense
1385 1487 1445 1554 Fe-

482 1591 621 1665 bruario
635 1588 692 1666 vel
710 1589 894 1663 inchoante
907 1590 1055 1680 Martio,
1071 1592 1200 1686 plantas
1214 1591 1446 1689 cydoniorum

481 1700 645 1774 radicatas
658 1700 694 1771 in
707 1699 871 1797 pastinato
887 1699 963 1773 solo
980 1700 1121 1798 tenuille
1134 1703 1219 1774 adeo
1231 1697 1392 1790 feliciter,
1407 1720 1449 1776 ut

481 1797 750 1907 faepe‘sequentis
767 1808 848 1881 anni
867 1808 964 1908 fruge
977 1811 1181 1912 gauderent,
1200 1812 1222 1883 sr
1246 1812 1351 1906 posita
1373 1838 1446 1882 ma·

482 1917 567 2014 joris
591 1917 691 1990 status
712 1917 856 1991 fuiffent.
878 1919 963 1993 locis
993 1915 1085 1993 liceis
1109 1922 1147 1994 δι
1171 1913 1303 2009 calidis,
1331 1940 1446 1992 extre·

482 2051 543 2102 mo
566 2027 733 2116 octobri,
747 2028 804 2102 vel
822 2027 1017 2101 Novembri
1037 2029 1241 2128 inchoante,
1261 2043 1445 2126 ponantur.

484 2140 610 2210 Amant
628 2138 697 2234 cyd
726 2136 774 2208 nii
792 2137 906 2209 locum
928 2135 1109 2233 frigidum,
1127 2140 1328 2213 ltu'meflu'm.
1354 2139 1388 2210 si
1410 2138 1447 2213 in

483 2246 602 2341 tepido
623 2245 748 2328 statuuff
772 2269 831 2332 ur,
854 2268 940 2339 opus
955 2246 1002 2315 est
1017 2217 1084 2318 rllis
1105 2248 1270 2344 rigatione
1287 2248 1446 2321 succurri.

486 2359 612 2427 Ferunt
625 2373 738 2426 tamen
753 2354 870 2425 flatum
891 2353 1071 2426 mediocris
1085 2356 1182 2445 latus,
1194 2358 1284 2429 inter
1297 2377 1447 2430 naturam

484 2464 622 2562 frigoris
633 2467 672 2538 &
683 2464 822 2553 caloris,
837 2466 875 2537 δι
889 2463 925 2534 in
942 2465 1050 2561 planis
1062 2467 1150 2539 &in
1165 2468 1354 2541 declivibus
1367 2493 1448 2562 pro·

375 2603 377 2607 ·
484 2574 650 2676 veniunt,
665 2573 770 2674 magis
792 2591 902 2648 tamen
926 2575 1087 2650 inclinata
1110 2581 1147 2651 dc
1170 2579 1301 2651 devexa
1325 2579 1448 2649 defide-

419 2754 421 2758 Α
484 2701 570 2756 rant.
591 2684 712 2756 Serum
732 2682 835 2780 aliqui
856 2684 1110 2774 cacuminibus,
1124 2686 1266 2760 &talea
1278 2741 1288 2772 ‚
1302 2685 1357 2755 sed
1377 2704 1446 2755 tar.

486 2792 548 2865 dus
560 2792 607 2865 est
621 2792 656 2864 in
673 2791 1038 2892 utrnque'proventus.
1058 2797 1105 2868 lt'a
1121 2797 1287 2890 ponenda
1299 2793 1373 2866 sunt
1386 2794 1447 2875 lan,

486 2927 538 3001 ga
563 2904 702 2977 arbores
729 2901 896 3002 cydonli,
919 2931 962 2978 ne
985 2897 1125 2979 alteram
1145 2906 1316 3003 quatiente
1339 2924 1448 2977 vento

486 3010 693 3084 stillicidium
721 3029 836 3105 tangat
860 3010 1005 3102 alterins.
1039 3014 1132 3083 Dum
1161 3014 1275 3086 minor
1302 3014 1369 3101 en,
1392 3012 1449 3084 vel

485 3118 625 3215 quando
639 3116 799 3210 ponitur,
817 3109 1138 3207 j'uveturilercorc:
1151 3119 1261 3211 major
1278 3142 1384 3206 vern,
1400 3121 1449 3191 ci·

487 3251 568 3300 nere
587 3224 643 3299 vel
666 3241 766 3298 cretae
785 3225 928 3321 pulvere
950 3223 1050 3297 semel
1070 3242 1148 3296 toto
1168 3250 1259 3297 anno
1282 3217 1467 3298 radicibus¹

486 3337 596 3420 millo.
614 3338 718 3408 Poma
734 3335 770 3407 in
790 3335 841 3407 his
864 3333 903 3409 &
925 3334 996 3407 cito
1012 3341 1160 3424 matura,
1174 3335 1212 3408 &
1235 3332 1371 3427 majoris
1393 3334 1449 3405 in·

486 3445 673 3534 crementi,
699 3446 842 3520 affiduus
866 3446 992 3518 humor
1020 3443 1154 3518 efficiet.
1180 3444 1328 3542 rigandae
1351 3444 1448 3535 sunt,

486 3555 623 3651 quoties
636 3549 782 3630 coe'lesti's
794 3572 933 3652 negatur
945 3552 1139 3641 infufi0‚:&
1151 3552 1449 3627 circumfodienda

486 3666 571 3740 locis
590 3665 726 3754 calidis,
741 3665 886 3741 octobri
903 3663 1015 3737 mense
1036 3666 1074 3737 δι
1094 3651 1306 3750 Novembri3
1321 3661 1448 3758 frigidis

488 3775 612 3875 [vero]
627 3776 808 3848 Februario
834 3774 890 3846 v'el
913 3776 1052 3848 Martio,
1075 3775 1133 3845 nisi
1156 3772 1283 3871 [enim]
1304 3772 1447 3844 circum·

487 3884 660 3958 fodiantur
672 3876 810 3968 assidue,
824 3899 882 3954 aut
891 3881 1026 3956 lleriles
1044 3883 1235 3972 efficiuntur
1243 3937 1254 3971 ,
1269 3899 1325 3955 aut
1338 3904 1448 3951 earum

488 4018 592 4089 poma
606 3994 818 4090 degenerant.
837 3992 998 4065 Putandae
1019 3990 1113 4079 futu,
1129 3992 1211 4088 ficut
1226 3988 1391 4086 prob'avi,
1411 3990 1448 4062 δι

405 4131 409 4140 “
489 4127 508 4172 a
534 4102 665 4175 viriofis
689 4091 847 4200 omnibus
869 4100 1059 4175 liberandae.
1083 4102 1117 4186 sj
1141 4081 1243 4173 arlior
1266 4124 1350 4194 aegra
1374 4098 1448 4189 eil,

490 4237 625 4287 amurca
651 4239 746 4311 aqua
768 4213 947 4311 aqualiter
968 4210 1068 4283 mixta
1092 4211 1260 4286 radicibus
1277 4210 1376 4282 debet
1396 4210 1446 4282 af·

382 4399 383 4402 ,
489 4318 610 4415 find,
625 4343 684 4400 aut
703 4324 778 4404 calx
795 4324 876 4403 viva
895 4341 1077 4422 temperata
1100 4348 1176 4400 eum
1196 4341 1307 4415 creta,
1322 4322 1379 4397 vel
1392 4345 1445 4394 re·
