3875 5759
556 933 1420 1038 190uataaurrnua1ttr

552 1124 626 1172 non
651 1095 786 1192 patitur.
807 1094 1004 1165 Curandum
1021 1091 1067 1164 est
1089 1093 1283 1189 praecipue,
1300 1111 1337 1165 ut
1359 1094 1436 1163 luna
1458 1113 1515 1164 xv

431 1213 435 1222 '
551 1207 701 1295 seratur,
722 1204 745 1276 sr
765 1204 876 1276 adhuc
895 1203 1000 1275 iflum
1019 1203 1099 1274 solis
1122 1202 1307 1299 reperculsa
1327 1228 1397 1275 non
1411 1202 1517 1274 sensit.

552 1317 671 1416 Aliqui
691 1316 826 1403 dicunt,
844 1314 1162 1409 quartamdecimam
1184 1315 1306 1410 potius.
1319 1315 1516 1412 eligendam.

551 1428 719 1525 Sanguine
741 1426 881 1521 caponis
895 1427 1010 1499 Graeci
1027 1425 1178 1499 'asserunt
1200 1423 1286 1497 fabae
1306 1426 1430 1500 semina
1446 1426 1520 1499 ma?

551 1555 662 1609 cerata
680 1527 791 1608 berbis
814 1533 1070 1607 adversantibus
1091 1560 1162 1606 non
1179 1536 1309 1627 noceri.
1341 1563 1428 1635 aqua
1445 1536 1517 1630 pri·

551 1642 607 1714 die
627 1641 736 1716 infula
753 1641 852 1715 citius
872 1642 981 1732 nasci,
997 1641 1119 1715 nitram
1138 1668 1225 1739 aqua
1243 1644 1387 1741 respersa
1402 1648 1517 1719 collu-

552 1777 624 1825 ram
642 1778 713 1827 non
736 1753 858 1828 habere
872 1754 1056 1828 difficilem.
1070 1754 1172 1825 Nunc
1193 1752 1310 1825 seritur
1323 1756 1428 1848 prima
1443 1758 1518 1826 len-

551 1860 681 1960 ticula,
706 1861 790 1935 srcut
813 1860 997 1933 Februario
1021 1859 1132 1932 mense
1156 1879 1325 1930 narratum
1353 1860 1410 1931 ell.
1438 1862 1517 1935 Hoc

553 1970 655 2041 etiam
676 1988 754 2041 toto
778 1969 891 2041 mense
905 1968 1032 2066 poterit
1048 1968 1109 2042 lini
1130 1967 1239 2040 semen
1261 1968 1399 2065 aspergi.
1477 2010 1480 2015 ·

603 2084 643 2153 11.
666 2086 704 2152 ln
726 2079 826 2172 hujus
840 2080 987 2177 maxime
1004 2078 1167 2176 [mensts]
1191 2078 1384 2175 principio,
1402 2077 1519 2172 poffu·

554 2212 631 2261 mus
651 2186 821 2258 instituere
840 2211 934 2258 nova
952 2207 1068 2281 prata,
1089 2210 1185 2259 more
1194 2203 1211 2275 ,'
1230 2212 1300 2285 quo
1316 2188 1441 2258 diclum
1463 2187 1521 2258 est.

555 2300 635 2370 Hoc
652 2298 750 2369 etiam
772 2297 982 2387 rotomense
1010 2296 1096 2369 locis
1122 2298 1238 2371 calidis
1260 2301 1297 2369 δι
1318 2298 1438 2384 ssecis,
1462 2296 1519 2367 vel

557 2407 692 2504 apricis,
706 2407 770 2492 erit
782 2405 902 2477 vitium
916 2406 1114 2478 celebranda
1130 2405 1264 2500 posrtio.
1279 2408 1428 2477 Nunc&
1442 2430 1521 2500 pto·

499 2519 503 2527 ’
557 2542 648 2615 pago
663 2516 735 2612 jure
750 2517 907 2604 ducetur,
922 2517 959 2589 δι
977 2514 1063 2587 locis
1081 2513 1209 2612 frigidis
1235 2513 1391 2587 novellas
1408 2513 1520 2603 vites,

556 2629 598 2705 &
625 2629 783 2727 arbprum
818 2625 947 2725 plantas
981 2623 1230 2712 circumfodere
1255 2644 1355 2721 atque
1385 2624 1520 2718 operire

557 2720 765 2830 conveniet,
782 2740 821 2813 δι
846 2756 924 2811 ante
949 2738 1033 2811 ldus.
1057 2737 1159 2810 Nunc
1180 2759 1329 2833 mergus,
1352 2735 1428 2813 hoc,
1448 2734 1517 2822 est,

558 2848 757 2947 propaginis
770 2868 968 2936 curvatura,
985 2844 1061 2943 poll
1072 2845 1280 2937 triennium,
1301 2869 1401 2943 quam
1415 2842 1520 2941 prella

559 2955 690 3039 fuerat,
711 2956 880 3027 recidetur
902 2982 920 3025 a
943 2956 1025 3026 vite.

608 3065 663 3133 lll.
687 3063 790 3133 Nunc
807 3087 846 3136 ac
859 3064 1017 3154 deinceps
1038 3061 1137 3133 vinea
1156 3082 1272 3147 vetus,
1288 3086 1363 3157 quae
1384 3062 1418 3131 in
1436 3059 1530 3161 jugo

402 3174 410 3188 ’
449 3186 451 3189 ·
559 3164 607 3236 est
625 3165 683 3236 vel
703 3167 862 3262 pergula,
885 3167 908 3238 sr
932 3167 1129 3239 robusto&
1150 3166 1284 3262 integro
1305 3187 1427 3238 trunco
1453 3171 1522 3256 stt,

559 3268 753 3371 ablaqueata
773 3270 856 3362 timo
879 3272 1038 3359 satietur,
1059 3276 1096 3346 δι
1112 3273 1280 3369 angustius
1301 3292 1413 3367 putata
1435 3276 1523 3347 inter

559 3408 716 3480 quartum
734 3386 772 3457 δι
790 3381 925 3453 tertium
947 3380 1066 3474 pedem
1079 3404 1097 3451 a
1111 3398 1199 3451 terra
1218 3379 1412 3453 viridissima
1428 3402 1522 3477 parte

559 3492 724 3580 corticis,
750 3498 864 3564 acuto
881 3488 1075 3562 ferramenti
1102 3514 1264 3564 mucrone
1295 3490 1457 3578 feriatur,
1483 3518 1521 3565 ac

560 3596 644 3671 folla
666 3598 874 3697 frequentius
889 3598 1060 3672 incitetur.
1079 3602 1190 3688 Nam,
1213 3598 1295 3672 srcut
1318 3598 1427 3671 allerit
1447 3604 1521 3673 Co·
1572 3677 1576 3685 ,

550 3706 717 3795 lamella,¹
727 3734 770 3782 ex
794 3734 837 3781 eo
857 3710 939 3781 loco
960 3730 1098 3805 germen
1121 3708 1320 3804 plerumque
1337 3711 1522 3804 producit,

561 3821 600 3892 δι
623 3818 783 3891 veniente
802 3843 883 3891 vere
896 3817 1009 3890 fundit
1030 3815 1223 3921 materiam,
1243 3843 1309 3914 qua
1330 3819 1411 3891 vitis
1424 3844 1522 3917 repa·

563 3947 657 3998 retur
678 3926 826 4022 antiqua.

611 4037 670 4107 lv.
693 4038 795 4107 Nunc
812 4033 942 4129 putatio
965 4034 1184 4118 auciumnalis
1205 4032 1387 4105 celebratur
1410 4033 1444 4103 in
1469 4034 1522 4106 vi·

563 4143 650 4244 tibus
670 4148 708 4217 bc
731 4144 933 4231 arboribus,
949 4142 1095 4216 maxime
1119 4142 1177 4215 ubi
1197 4142 1380 4234 invitamur
1402 4162 1522 4239 tepore

556 4252 754 4343 „provinciae
768 4278 778 4324 a
792 4252 831 4325 δι
848 4268 1007 4345 putantur
1020 4249 1168 4323 oliveta:
1183 4249 1220 4323 δι
1237 4250 1332 4320 oliva
1346 4302 1357 4338 ,
1371 4274 1446 4322 cum
1461 4265 1523 4322 va-‘

563 4362 613 4431 ria
639 4351 785 4459 coeperit
810 4358 901 4452 effe,
922 4357 1126 4460 colligitur,
1149 4384 1191 4433 ex
1209 4384 1274 4458 qua
1298 4360 1442 4457 primum
1464 4359 1521 4433 liet
