3875 5759
504 910 1376 1003 70PALLAD11RUTILII

507 1088 680 1169 poterunt.
695 1069 857 1168 Eligenda
881 1071 956 1143 sunt
977 1073 1164 1166 sarmenta,
1183 1045 1473 1175 quae'pangimus3

509 1180 551 1253 de
573 1177 643 1251 vite
663 1180 796 1282 media,
815 1205 925 1278 neque
939 1182 981 1255 de
1001 1183 1146 1271 summa,
1162 1210 1275 1282 neque
1287 1186 1328 1258 de
1340 1184 1476 1274 infima,

508 1286 661 1384 quinque
685 1287 742 1361 vel
763 1289 820 1361 serr
840 1315 1048 1387 gemmarum
1068 1293 1176 1388 spatio
1191 1319 1210 1367 a
1225 1296 1476 1392 veteriproce·

509 1398 639 1485 dentia,
653 1399 731 1495 quia
746 1423 817 1471 non
831 1399 931 1473 facile
947 1403 1167 1499 degenerant,
1179 1428 1256 1501 quae
1269 1405 1311 1483 de
1324 1405 1412 1478 locis
1426 1424 1478 1475 ta·

507 1509 599 1581 libus
621 1508 879 1583 transferuntur.
910 1510 1081 1587 sumantur
1104 1517 1215 1587 autem
1236 1514 1279 1587 de
1309 1514 1382 1587 vite
1407 1513 1478 1587 foe·

507 1620 628 1694 cunda.
659 1644 769 1719 neque
795 1641 950 1717 putemus
976 1622 1124 1712 brachia
1139 1624 1203 1696 effe
1225 1609 1376 1717 ¹fertilia,
1400 1648 1479 1723 quae

510 1757 598 1806 uvas
614 1731 758 1831 fingulas
775 1752 833 1806 aut
850 1732 945 1807 binas
965 1736 1189 1830 producunt,
1207 1737 1262 1808 sed
1277 1735 1480 1831 quaemulta

512 1844 665 1917 ubertate
687 1865 884 1921 curvantur.
907 1871 985 1917 nam
996 1848 1110 1943 potest
1126 1848 1221 1922 ferax
1237 1848 1317 1921 vitis
1333 1846 1481 1920 feracio-

512 1980 567 2030 res
586 1954 622 2027 in
642 1953 674 2027 se
690 1953 819 2027 habere
841 1954 1007 2027 materias.
1020 1956 1094 2029 Erit
1116 1959 1154 2031 δι
1174 1957 1243 2038 hoc
1258 1957 1389 2055 tignum
1410 1954 1484 2042 fer-x

510 2066 665 2154 tilitatis,
681 2064 763 2139 fide
780 2066 867 2139 dnro
882 2065 1003 2163 aliquo
1022 2066 1107 2141 loco
1126 2063 1274 2142 frrretum
1293 2063 1435 2151 citabit,
1455 2059 1481 2133 fi

512 2173 603 2251 fdetu
625 2176 824 2274 impleverit
848 2176 999 2250 ramulos
1024 2202 1067 2249 ex
1082 2178 1163 2250 ima
1181 2195 1279 2275 parte
1299 2176 1482 2275 surgentes.

512 2289 578 2360 Sed
600 2287 668 2359 hoc
682 2277 781 2384 (ignis
798 2284 916 2382 pofitis
931 2285 997 2383 pei
1009 2285 1266 2362 vindemiasti}
1279 2286 1482 2358 notandum.
1543 2369 1545 2374 Ι

513 2397 568 2472 Ad
589 2396 805 2495 pangendum
820 2397 978 2470 novellus
991 2395 1116 2493 palmes
1136 2383 1345 2495 debeteligi‚
1357 2393 1432 2470 duri
1445 2394 1482 2468 in

513 2506 647 2602 semihil
659 2508 783 2579 habens
802 2496 839 2579 δέ
855 2507 980 2580 veteris
997 2504 1175 2593 sarmenti,
1188 2506 1267 2603 quia
1280 2507 1350 2579 hoc
1368 2511 1484 2602 putre·

513 2618 627 2694 scente
652 2618 738 2717 saepe
758 2601 999 2714 cdrtumpitur.
1018 2619 1155 2691 Summa
1176 2615 1306 2716 flagella
1329 2612 1484 2710 repudie-

513 2754 590 2803 mus
602 2756 642 2805 ac
662 2729 840 2804 surculos:
861 2729 919 2826 qui
935 2728 1015 2801 licet
1029 2727 1126 2801 bono
1139 2710 1224 2800 ioco
1243 2724 1313 2800 nati
1328 2724 1392 2795 smt
1405 2777 1416 2812 ,
1430 2741 1485 2794 ta*

513 2868 593 2916 men
612 2838 783 2918 feracitate
804 2857 993 2915 caruerunt.
1005 2837 1253 2937 Pampinarius,
1266 2836 1325 2934 qui
1340 2836 1381 2908 de
1395 2834 1484 2905 duro

513 2949 681 3036 nascitur,
705 2947 830 3018 etiamst
859 2942 1164 3018 attulerit'frudius
1183 2971 1209 3036 ,·
1222 2968 1286 3041 pro
1318 2941 1485 3039 frugifero

512 3081 587 3131 non
608 3055 654 3124 est
670 3052 850 3145 ponendus
864 3049 921 3116 :in
936 3047 998 3118 suo
1016 3051 1108 3119 enim
1128 3052 1210 3122 loco
1233 3052 1451 3124 foecundatut
1465 3076 1485 3125 a

512 3179 621 3237 matre
635 3158 851 3252 „translatus
880 3179 967 3228 veto
995 3173 1102 3228 tenet·
1116 3157 1298 3230 sterilitatis
1328 3161 1485 3249 vitium,

514 3271 615 3369 quod
628 3253 785 3343 nascendi
806 3264 1007 3372 conditione
1019 3264 1173 3364 suscepit.
1189 3267 1301 3363 Caput
1325 3266 1492 3342 sarmenti

514 3408 597 3459 cum
619 3380 823 3479 deponitur,
844 3376 1074 3476 torquendum⁸
1097 3376 1259 3467 nonest,
1278 3402 1341 3453 nec
1364 3379 1485 3478 aliquo

514 3492 625 3568 modo
643 3489 856 3578 vexandum,
873 3512 915 3561 ne
938 3486 1086 3576 demersa
1111 3486 1246 3584 penitus
1267 3485 1488 3562 foecundiore

340 3652 343 3659 -
398 3672 400 3675 .
448 3646 451 3652 ,
514 3602 742 3704 parte,quod
759 3600 860 3673 sterili
873 3598 1068 3697 proximum
1087 3600 1155 3691 est,
1175 3599 1272 3696 supra
1291 3619 1413 3675 terram
1430 3626 1485 3673 re·

464 3763 466 3767 -
514 3714 690 3812 linquatur
704 3742 713 3787 r
727 3711 847 3788 deinde
861 3712 1024 3811 quoniam
1038 3712 1106 3810 ipsa
1118 3729 1249 3784 tortura
1265 3711 1404 3786 vexatio
1417 3711 1484 3786 est:

402 3859 404 3862 ¹
490 3913 493 3919 Κ
515 3828 573 3911 d(
580 3849 655 3923 pars
676 3850 733 3912 ea,
750 3826 791 3896 de
812 3849 879 3921 qua
893 3823 988 3896 radix
1011 3821 1168 3923 [futura]
1182 3822 1410 3924 praesumitur,
1429 3822 1484 3894 in·

514 3935 615 4033 juriae
629 3934 714 4009 nulli
728 3931 932 4031 subiicienda
946 3932 1013 4038 est,
1029 3958 1105 4038 cum
1121 3957 1188 4029 qua
1200 3932 1405 4005 contendere
1422 3956 1483 4001 co·

516 4074 633 4148 gatur,
647 4068 830 4147 antequam
847 4068 969 4122 teneat.
988 4048 1159 4122 Ponenda
1175 4048 1251 4133 sunt
1272 4046 1359 4119 vites
1376 4044 1482 4140 placi-

516 4159 569 4230 dis
588 4161 706 4235 diebus
729 4184 768 4234 ac
790 4158 935 4254 tepidis,
959 4159 1236 4256 curandumque,
1254 4180 1295 4229 ne
1319 4154 1483 4228 sarmenta
1507 4227 1511 4238 ,

405 4326 407 4333 .
514 4266 589 4340 sole
610 4291 751 4344 urantur
771 4288 827 4342 aut
853 4288 983 4355 vento,
997 4266 1051 4340 sed
1074 4267 1127 4339 vel
1151 4266 1481 4362 statimtponamur,

518 4373 579 4452 uel
591 4375 714 4483 obruta
731 4369 957 4458 reserventur*
965 4376 1045 4451 Hoc
1058 4373 1191 4467 mense,
1204 4398 1243 4449 ac
1255 4373 1414 4472 deinceps
1427 4392 1483 4445 to·
1501 4441 1508 4448 .
