3875 5759
663 851 769 928 nm.
818 851 922 920 uui.
973 850 1257 933 iunius.
1377 872 1440 950 155

481 1022 613 1084 maturo
628 1026 710 1081 vere
725 1007 906 1093 concludi3
923 1009 960 1079 &
978 1024 1108 1080 certum
1122 1007 1190 1095 eli,
1210 1032 1265 1080 eas
1279 1007 1355 1103 post
1369 1036 1451 1083 ver·

482 1143 561 1192 nam
588 1117 829 1217 pinguedinem
857 1112 1034 1213 gestientes
1059 1116 1191 1190 veneris
1217 1142 1326 1188 amare
1352 1119 1452 1191 lasci·

482 1228 587 1303 viam.
613 1228 685 1302 Uni
696 1248 795 1300 tauro
809 1224 1003 1323 quindecim
1026 1249 1146 1297 vaccas
1160 1225 1353 1301 Columella
1368 1227 1452 1300 alle·

480 1337 528 1411 rit
540 1338 633 1435 polle
646 1339 816 1421 sufficere,
835 1337 1113 1432 curandumque,
1130 1361 1173 1408 ne
1193 1336 1376 1431 concipere
1390 1362 1453 1409 ne·
1559 1416 1569 1432 .

482 1467 611 1542 queant
627 1447 797 1539 nimielate
812 1446 1038 1544 pinguedinis.
1060 1446 1093 1518 Si
1111 1446 1326 1521 abundantia.
1336 1450 1452 1544 pabuli

482 1553 532 1628 est
552 1554 587 1626 in
601 1556 761 1653 regione,
778 1582 843 1652 qua
858 1555 1041 1651 pascimus,
1055 1556 1167 1653 potest
1181 1557 1277 1629 annis
1293 1559 1454 1632 omnibus

480 1662 520 1735 in
538 1663 699 1737 foeturam
723 1690 826 1739 vacca
844 1663 1017 1737 submitti:
1035 1663 1059 1737 st
1085 1689 1172 1736 vero
1194 1663 1365 1761 indigetur
1383 1666 1453 1741 hoc

482 1798 627 1871 genere,
645 1775 781 1853 alternis
802 1775 1218 1873 temporibusronerandae
1234 1774 1330 1862 sunt,
1344 1776 1467 1847 maxi-i

484 1909 631 1983 meque,
646 1887 672 1973 fi
697 1889 824 1960 eaedem
848 1911 963 1960 vaccae
982 1885 1083 1958 alicui
1102 1884 1199 1978 operi
1219 1883 1344 1956 servire
1367 1894 1456 1959 co'n-

482 1987 680 2081 sueverunt,
703 1994 783 2064 Hoc
803 1991 915 2062 mense
931 1989 1058 2061 arietes
1073 1987 1293 2063 candidillimi
1308 1989 1467 2088 eligendi

481 2104 523 2176 &
544 2103 745 2177 admittendi
767 2103 846 2176 sunt
866 2101 1029 2175 mollibus
1049 2101 1158 2190 lania,
1173 2101 1208 2172 in
1233 2097 1357 2200 quibus
1380 2127 1456 2174 non

482 2213 604 2286 solum
616 2214 773 2310 corporis
787 2215 915 2289 candor
929 2214 1194 2290 eon-fiderandus
1205 2215 1272 2304 ell,
1287 2215 1457 2287 sedetiam

481 2323 599 2422 lingua
612 2352 621 2397 ε
636 2326 751 2421 quest
770 2326 910 2400 maculis
925 2326 1137 2425 fuscabitur,
1153 2327 1353 2400 varietatem
1376 2327 1455 2399 red·
1574 2405 1578 2411 .

482 2435 536 2508 dit
556 2437 592 2507 in
613 2435 743 2508 sobole.
758 2439 816 2510 De
835 2437 916 2509 albo
934 2439 1133 2535 plerumque
1155 2436 1302 2509 nascitur
1324 2436 1456 2508 coloris

482 2544 619 2618 alterius
634 2544 697 2617 :de
716 2544 817 2619 fuscis
831 2572 1006 2643 nunquam
1015 2599 1026 2632 ,
1041 2547 1125 2619 sicut
1140 2545 1334 2617 Columella
1352 2545 1456 2632 dicit,

439 2742 442 2749 .
484 2654 595 2751 potest
610 2656 704 2728 albus
718 2655 835 2730 creari.
851 2656 1023 2750 Eligemus
1037 2657 1175 2728 arietem
1190 2654 1317 2738 altum,
1334 2677 1458 2747 proce-

483 2785 584 2846 rum,
600 2780 720 2833 ventre
733 2759 918 2854 promillo,
934 2762 973 2830 &
987 2758 1070 2831 lanis
1087 2759 1238 2830 candidis
1253 2760 1361 2848 tello,
1374 2783 1458 2831 cau·
1531 2856 1533 2859 ι

484 2871 528 2943 da
553 2869 761 2964 longiffima‚
780 2866 918 2940 velleris
942 2865 1056 2956 densi,
1080 2865 1195 2938 fronte
1219 2865 1305 2956 lata,
1329 2866 1458 2964 magnis

485 2975 645 3064 testibus,
660 2974 770 3047 aetatis
784 2973 915 3063 trimae,
929 2973 1118 3069 quitamen
1136 2976 1239 3072 usque
1255 2977 1290 3047 in
1304 2977 1385 3048 oelo
1399 3002 1459 3050 an·

484 3115 553 3166 nos
566 3088 677 3185 potest
697 3087 823 3162 utiliter
837 3086 934 3165 inire.
950 3087 1086 3159 Femina
1101 3085 1198 3159 debet
1212 3086 1302 3158 bima
1317 3086 1460 3159 submit·

482 3198 533 3285 ri,
549 3223 624 3294 quae
645 3195 748 3294 usque
770 3198 806 3269 in
826 3194 1098 3295 quinquennium
1116 3195 1253 3269 rfoerurae
1276 3197 1458 3271 necellaria

485 3309 551 3393 est,
566 3331 659 3379 anno
679 3306 821 3403 septimo
837 3305 972 3381 deficit.
994 3306 1147 3402 eligenda
1166 3306 1212 3378 est
1227 3307 1312 3378 valli
1326 3331 1460 3401 corpo·
1517 3352 1521 3358 ·

485 3418 554 3506 ris,
569 3415 749 3511 &prolixi
768 3417 906 3490 velleris
915 3408 979 3504 ‚ec
993 3415 1176 3488 molliffimi
1185 3471 1198 3504 ,
1214 3415 1317 3488 lanofi
1334 3419 1372 3489 δι
1386 3441 1458 3487 rna·

484 3527 544 3625 gni
560 3526 658 3598 uteri.
679 3528 746 3599 Sed
768 3527 1020 3624 providendum
1041 3526 1087 3598 est
1105 3525 1141 3598 in
1166 3527 1235 3599 hoc
1256 3552 1401 3623 genere,
1419 3544 1460 3600 ut

484 3635 601 3734 pabuli
618 3635 770 3708 ubertate
791 3637 977 3725 saturetur,
993 3639 1031 3711 &
1050 3635 1153 3733 longe
1170 3636 1324 3732 pascatur
1342 3663 1360 3710 a
1384 3637 1460 3710 sen·

487 3743 599 3827 tibus,
616 3741 674 3837 qui
697 3741 866 3815 &lanam
887 3738 1119 3842 minuunt‚&
1142 3767 1268 3836 corpus
1291 3743 1458 3818 incidunt.

485 3846 700 3925 Admittendi
718 3848 791 3921 sunt
807 3851 918 3923 mense
939 3849 1050 3936 lulio,
1072 3869 1108 3921 ut
1126 3850 1197 3923 nati
1214 3870 1291 3923 ante
1305 3850 1466 3930 'hiemem
1569 3911 1575 3923 ,

489 3958 748 4034 convalescant.
763 3959 957 4031 Aristoteles
978 3958 1146 4046 allerit,s1
1163 3960 1329 4034 masculos
1345 3961 1458 4057 plures

488 4066 597 4141 creari
618 4066 722 4157 velis,
734 4066 920 4157 admillurae
940 4087 1094 4160 tempore
1114 4065 1221 4140 ficcos
1240 4066 1331 4155 dies,
1345 4070 1381 4141 δι
1395 4068 1458 4138 ha·
1576 4067 1581 4074 ’

488 4179 587 4250 litum
600 4177 856 4274 Septemtrionis¹
871 4177 1081 4274 eligendum,
1092 4179 1131 4250 δι
1144 4197 1264 4265 contra
1277 4200 1353 4248 eum
1370 4199 1457 4247 ven·
1499 4172 1506 4185 ’

488 4304 691 4384 tumgreges
705 4285 768 4360 elle
781 4285 965 4383 pascendos
980 4313 989 4362 :
1002 4286 1026 4360 si
1039 4285 1178 4371 feminas
1191 4278 1344 4384 generari
1357 4282 1457 4382 velis,
