3875 5759
491 868 561 982 &4
659 868 1286 949 vecturrtruru

488 1032 691 1130 pallionem,
708 1029 939 1127 perfricandus
958 1032 1005 1104 est
1022 1025 1180 1108 irnslione
1202 1034 1349 1131 superius
1374 1059 1446 1110 rne-

487 1161 644 1230 morata,
663 1143 721 1226 δι,
742 1139 951 1215 lineceffitas
975 1145 1213 1239 postulaverit,
1231 1147 1426 1236 inurendus.

547 1251 661 1324 XXX.
692 1248 727 1320 Si
758 1249 1024 1347 phragmaticum
1057 1252 1119 1324 erit
1156 1253 1366 1346 jumentum,
1395 1252 1447 1325 his

475 1358 679 1459 ¹agnoscitur
705 1355 832 1452 signis:
855 1359 1093 1450 Febricitahit‚
1115 1365 1237 1437 oculos
1263 1362 1446 1435 introrsum

486 1470 646 1555 reducet,
659 1489 756 1538 aures
773 1465 879 1539 tensas
893 1468 1029 1543 habebit
1043 1475 1079 1544 δι
1094 1473 1231 1570 rigidas,
1249 1487 1368 1546 terram
1385 1496 1445 1568 pe·

483 1576 581 1649 dibus
598 1576 727 1650 tundet.
740 1575 833 1673 quod
845 1576 906 1650 hac
923 1579 1057 1651 ratione
1074 1581 1225 1655 curabis:
1242 1582 1446 1680 Sanguinem

482 1685 638 1759 detrahas
656 1686 698 1758 de
718 1685 872 1776 matrice,
896 1686 1121 1787 adjunsloque
1142 1692 1222 1763 oleo
1240 1695 1279 1765 &
1292 1694 1378 1764 vino
1393 1707 1447 1761 te·

481 1794 648 1892 pesacies‚
661 1813 838 1892 totumque
859 1793 1044 1888 jumentum
1063 1817 1183 1870 contra
1199 1800 1285 1891 pilos
1301 1799 1448 1894 diligen-

481 1904 603 1976 tiffime
617 1902 844 1989 confricabis,
860 1903 941 1979 loco
955 1905 1072 2000 tepido
1092 1904 1230 1995 statues,
1245 1909 1283 1990 δι
1307 1906 1445 1980 curasti.

532 2010 666 2094 XXXI.
686 2009 881 2107 Aliquando
900 2008 1049 2104 jumenta
1074 2036 1173 2108 aquas
1198 2013 1342 2100 timent,
1364 2021 1448 2107 quae

483 2118 642 2193 dicuntur
655 2120 892 2215 hydrophoba.
914 2122 1003 2218 figna
1017 2119 1115 2214 huius
1129 2122 1202 2194 haec
1222 2122 1313 2193 sunt:
1330 2127 1447 2193 Venas

483 2253 602 2301 omnes
621 2226 755 2298 habebit
768 2231 942 2318 extensas,
958 2230 1085 2302 sudabit
1099 2230 1225 2303 suffufis
1239 2231 1366 2314 oculis,
1381 2250 1446 2303 tre·

481 2359 612 2408 rnorem
635 2334 896 2430 frendoremque
915 2336 1086 2432 patietur,
1108 2338 1215 2410 illidet
1242 2339 1275 2409 se
1306 2340 1445 2434 parieti·

482 2444 568 2517 bus:
595 2466 638 2514 ex
664 2468 730 2540 qua
753 2443 902 2538 paffione
933 2446 1093 2517 converri
1119 2447 1300 2518 consuevit
1327 2448 1363 2518 in
1388 2472 1444 2519 ra·

481 2555 584 2630 hiem.
604 2555 673 2628 Cui
690 2556 752 2628 hae
773 2552 905 2625 ratione
920 2552 1103 2628 succurris:
1120 2554 1322 2651 Sanguinem
1346 2555 1378 2626 ei
1402 2557 1444 2626 de

479 2666 669 2740 semoribus
682 2665 847 2753 detrahes,
861 2689 879 2737 a
894 2663 1029 2737 cibariis
1042 2663 1233 2765 abstinebis,
1251 2665 1286 2734 in
1299 2664 1380 2738 loco
1399 2663 1443 2737 lie

481 2771 666 2864 clauso,'ut
678 2771 792 2846 lumen
805 2772 921 2844 videre
934 2796 1005 2842 non
1023 2772 1145 2866 possit,
1160 2772 1362 2862 constitues,
1376 2798 1444 2844 rna·

482 2909 552 2983 gno
571 2881 704 2955 silentio
723 2906 844 2977 aquam
860 2882 895 2952 in
913 2878 1008 2952 situla
1031 2880 1210 2954 velalveo
1224 2881 1269 2952 ita
1282 2882 1444 2975 apponis,

373 3029 380 3058 r
483 3011 521 3062 ut
544 3014 616 3061 non
632 2990 744 3061 audiat
757 2988 925 3075 sonitum,
944 2988 1150 3082 manipulum
1161 3005 1250 3059 'rutae
1270 2989 1444 3078 deterito,

482 3102 522 3172 δι
543 3099 661 3168 baccas
684 3096 768 3167 lauri
788 3118 869 3182 κν,
890 3093 960 3165 olei
982 3087 1085 3167 rasati
1105 3096 1246 3184 libram,
1269 3098 1354 3190 aceti
1379 3124 1444 3168 un-

482 3208 568 3280 ciam
593 3230 693 3276 unarn
714 3203 955 3287 commiscere,
972 3226 1073 3300 caput
1087 3208 1126 3281 &
1146 3231 1240 3279 nares
1256 3206 1445 3302 diligentis·

481 3316 562 3389 srme
586 3338 772 3413 perunges,
792 3316 831 3387 δι
848 3311 1031 3409 sanabitur..

529 3431 677 3504 XXXll.
696 3427 868 3525 Spasmum
886 3444 1015 3500 certum
1034 3424 1081 3499 est
1100 3426 1254 3500 animalia
1274 3414 1445 3500 sustinere.

480 3566 559 3637 quae
581 3540 751 3615 necessitas
770 3537 822 3611 his
836 3535 1023 3611 declaratur
1045 3534 1177 3607 indiciis
1190 3560 1199 3605 r
1214 3534 1330 3606 Subito
1352 3558 1445 3606 con·
1469 3623 1473 3629 ¹

401 3723 407 3734 ,
480 3647 616 3735 cidem,
631 3647 669 3717 δι
687 3645 820 3718 articuli
833 3668 951 3728 eorum
966 3641 1093 3714 extensi
1108 3639 1184 3712 sunt
1193 3696 1205 3729 ,
1218 3644 1256 3716 &
1272 3660 1350 3715 toto
1363 3668 1444 3715 cor-

481 3781 568 3855 pore
588 3756 785 3852 palpitant,¹
802 3756 986 3852 aliquando
1013 3753 1111 3825 etiarn
1137 3755 1179 3823 de
1206 3778 1267 3825 ore
1293 3754 1441 3850 spumam

481 3868 650 3941 emittunt.
671 3868 807 3961 Quibus
822 3868 927 3942 escam
950 3866 1041 3939 dabis
1057 3865 1156 3960 pusca
1181 3866 1341 3962 nitroque
1355 3891 1443 3938 con·

480 3973 644 4073 sperum,
662 3977 848 4052 cucumeris
870 4000 1008 4077 quoque
1024 3974 1165 4047 silvatici
1191 3975 1389 4069 pulverem,
1404 3977 1443 4048 δι

480 4088 609 4160 nitrum
624 4088 740 4160 tritum
758 4113 817 4182 per
835 4088 960 4184 septem
982 4085 1101 4157 diesin
1120 4083 1261 4180 potione
1275 4084 1392 4173 dabis,
1405 4101 1444 4155 ut

480 4216 610 4298 purget.
630 4197 808 4295 Sanguinis
832 4219 970 4295 quoque
991 4196 1127 4268 marinae
1148 4193 1319 4266 testudinis
1340 4195 1445 4267 dimi·

480 4305 568 4378 diam
584 4306 760 4406 cotylam,
781 4306 865 4379 aceti
885 4305 1103 4397 tantundem,
1119 4302 1229 4377 laseris
1243 4303 1441 4401 aliquantu·
