3875 5759
605 945 738 1023 tuns
765 945 979 1020 vernum
1006 944 1103 1016 siun
1131 944 1317 1018 uuiou.
1372 935 1470 1038 247'

464 1149 466 1156 ·
485 1130 582 1196 mus,
599 1131 730 1203 partem
741 1131 786 1177 ex
797 1102 953 1177 omnibus
974 1098 1165 1174 auctoribus
1181 1098 1337 1173 colledas
1353 1122 1444 1171 con·
1462 1185 1464 1190 Ι
1492 1087 1496 1097 ’

484 1216 662 1313 sequenter
697 1214 920 1308 adjunximus.
952 1210 1151 1283 Remedium
1184 1187 1365 1303 proliciens
1399 1206 1446 1279 ad

485 1351 605 1398 omnes
627 1326 798 1423 generales
811 1324 961 1397 morbos
986 1325 1104 1393 Semen
1128 1319 1320 1392 cucurbitae
1331 1320 1441 1417 AEgy

484 1435 632 1529 priacae,
657 1434 704 1533 [i.
728 1432 1025 1531 coloquintidemI
1043 1441 1205 1525 quantum
1231 1426 1446 1500 acetabulum

484 1549 613 1642 capiet,
627 1548 770 1647 frangis,
788 1550 825 1620 &
839 1546 1010 1634 conteris,
1024 1542 1135 1617 addita
1149 1540 1224 1614 vini
1241 1537 1366 1636 optimi
1378 1538 1442 1610 he·

483 1658 579 1729 mina-
591 1684 673 1747 una,
688 1658 783 1755 quod
796 1655 947 1754 diligenti
962 1653 1147 1753 agitatione
1161 1650 1363 1747 permixtum
1376 1647 1444 1721 lin-

482 1765 582 1837 teolo
600 1766 752 1852 colabis,
770 1767 808 1837 δι
828 1790 887 1859 per
906 1760 1089 1836 dextram
1079 1758 1220 1855 jumenti
1243 1784 1357 1831 narem
1385 1756 1442 1828 in·

481 1873 620 1964 fundes,
634 1893 671 1946 ut
689 1874 870 1971 pervenire
896 1872 997 1968 poffir
1019 1869 1117 1942 ad
1081 1895 1119 1941 vr
1121 1869 1220 1942 scera.
1236 1870 1370 1961 Quae
1343 1889 1442 1939 com·

482 1980 609 2078 positio
638 1982 681 2053 ad
704 1979 935 2081 dysenteriam
968 1976 1150 2074 plurimum
1185 1971 1331 2096 prodest.
1363 1970 1447 2044 Alia

483 2114 624 2187 quoque
642 2089 768 2178 vilior,
782 2088 837 2159 sed
855 2111 927 2158 non
947 2085 1056 2159 minus
1069 2104 1145 2182 apta
1162 2080 1294 2165 curatio
1305 2078 1365 2152 esl.
1373 2080 1444 2150 Ra·
1534 2125 1537 2132 .

483 2195 577 2267 dices
596 2195 783 2269 cucumeris
801 2192 941 2268 {ilvatici
959 2191 1087 2266 virides
1109 2190 1324 2278 contundes,
1339 2188 1411 2262 &
1403 2213 1441 2260 m

483 2328 570 2399 aqua
592 2306 691 2376 noble
717 2330 784 2377 una
810 2302 1017 2395 macerabis,
1039 2301 1160 2376 deinde
1188 2299 1329 2372 sublatas
1350 2323 1440 2373 con·

484 2414 603 2484 tundes
617 2415 654 2485 &
671 2412 814 2486 celabis:
829 2437 874 2484 ex·
883 2437 957 2510 quo
971 2412 1074 2484 succo
1088 2409 1151 2482 tria
1163 2408 1448 2483 cochlearia-cum-

481 2521 576 2593 nitro
595 2521 679 2594 trito
694 2521 884 2619 permixta,
904 2547 984 2597 cum
1005 2518 1285 2605 uino,s1animal
1300 2517 1367 2590 fine
1387 2515 1442 2588 ses

482 2634 542 2708 bre
559 2632 682 2724 fuerit,
696 2632 862 2729 repelado
870 2652 884 2723 ',
893 2631 1046 2729 quotidie
1066 2630 1219 2704 faucibus
1231 2630 1378 2727 ingeres,
1393 2627 1447 2699 ita.

483 2762 522 2814 ur
540 2740 664 2837 septem
685 2742 802 2815 didbus
819 2742 992 2815 continuis
1010 2766 1126 2816 curare
1139 2767 1210 2815 non
1225 2740 1360 2813 defines.
1373 2736 1445 2819 Ni·]

483 2868 576 2921 trum
590 2873 729 2946 quoque
742 2850 828 2921 bene
842 2849 969 2940 tritum,
985 2851 1023 2923 &
1034 2849 1219 2924 cucumer-is
1231 2848 1372 2921 lilvatici
1384 2872 1444 2919 ra-

483 2959 577 3029 dices
592 2956 784 3029 minutatim
803 2955 979 3047 concisas,
994 2955 1104 3031 addita
1117 2957 1249 3044 hemina
1261 2956 1336 3029 vini
1351 2956 1443 3055 tepi-

485 3066 542 3153 di,
556 3064 596 3138 in
614 3065 778 3136 hordeum
799 3064 886 3140 bene
902 3082 1100 3163 purgatum,
1115 3066 1251 3140 animali
1268 3065 1450 3166 languenti}

483 3180 531 3252 ad
542 3178 701 3275 pabulum
718 3176 895 3267 iufimdas,
910 3195 949 3251 ut
961 3204 1035 3253 non
1055 3179 1163 3254 solum
1182 3180 1304 3277 potio,
1318 3206 1439 3267 verum

482 3288 584 3360 etiam
601 3287 758 3384 pabulum
781 3286 1030 3367 medicamento
1048 3307 1267 3384 temperatum
1284 3288 1385 3362 faciat
1398 3289 1448 3360 ad

482 3401 631 3474 salutem.
652 3406 733 3474 ltem
747 3399 851 3474 aliud.
872 3402 1034 3475 Radicem
1052 3401 1144 3474 ebuli
1165 3383 1361 3476 &radicem
1384 3418 1441 3470 ur·¹

483 3510 562 3581 ticae
580 3509 688 3604 aequis
700 3510 907 3604 ponderibus
926 3510 1082 3584 minutim
1099 3511 1241 3600 incilas,
1264 3514 1301 3584 &
1318 3508 1445 3581 infusas

482 3616 522 3688 in
537 3614 717 3711 liquamine
730 3617 864 3711 optimo
878 3618 1060 3691 macerabis
1070 3672 1087 3709 ,
1097 3618 1288 3716 colabisque
1304 3644 1362 3715 per
1375 3614 1448 3693 liis

483 3744 590 3797 teum.
606 3750 649 3797 ex
662 3750 733 3823 quo
747 3726 1010 3800 mensura-unius
1022 3728 1084 3800 ovi
1098 3730 1294 3824 tepefauum
1308 3753 1368 3824 per
1382 3754 1445 3799 na·

485 3832 716 3936 resganimalis
738 3835 852 3908 triduo
878 3837 1023 3934 degeres.
1043 3837 1303 3935 consequenter·
1321 3837 1368 3907 ita
1390 3835 1443 3912 fa·1

484 3943 624 4031 elutus,
641 3961 678 4013 ut
688 3940 1016 4040 jumentum,quod·
1027 3946 1185 4018 morbum
1202 3946 1340 4044 patitur,
1355 3946 1443 4026 hor-5

486 4050 588 4120 deum
613 4074 690 4122 cum
712 4049 800 4147 apio
819 4053 1054 4124 &cucumere
1078 4051 1232 4126 lilvatico
1253 4050 1441 4124 minutatim

487 4157 599 4229 inciso
613 4158 765 4255 ,semper
783 4160 947 4257 accipiat,
960 4150 1206 4260 contusumque
1221 4161 1325 4257 ipsum
1345 4185 1442 4268 agre·

488 4265 573 4337 stem
594 4290 808 4354 cucumerem
830 4273 867 4343 &
891 4299 986 4371 aquae
1010 4272 1209 4348 sufficienter
1233 4252 1449 4393 admixtum,

488 4373 607 4449 bibere
626 4394 780 4475 cogatur
801 4381 976 4518 Laudatur
974 4381 1081 4458 etiam
1094 4382 1168 4457 haec
1190 4380 1300 4474 potio
1321 4378 1450 4469 Herba.
1539 4395 1541 4400 '

1096 4487 1291 4587 94
