3875 5759
407 922 411 929 ·
493 957 496 964 -
583 919 692 1050 gu·
785 879 1371 999 vecearrrrnr.

591 1116 672 1167 men
688 1143 700 1180 ,
724 1087 819 1189 quod
832 1084 957 1162 lecerit
968 1140 981 1177 ,
993 1074 1221 1184 longanonis‘,
1235 1086 1275 1160 &
1296 1083 1394 1183 ipsrus
1410 1086 1556 1179 vesrcae,

557 1283 561 1290 ¹
590 1200 713 1273 aculeo
732 1192 898 1270 calculum
915 1192 1056 1282 eximis,
1072 1193 1253 1267 &curabis
1267 1192 1433 1291 clysteriis
1447 1196 1556 1268 eolle-

590 1306 720 1393 uictis,
741 1302 889 1398 [id'est,
910 1298 1220 1402 quae·glutiuent,]
1247 1321 1284 1376 ut
1305 1303 1472 1379 foramina
1497 1304 1558 1379 illa

589 1418 758 1492 sanentur.
779 1408 977 1486 potionabis
1000 1431 1111 1486 autem
1132 1411 1213 1492 illos
1235 1412 1380 1487 duritica
1401 1413 1559 1511 potione.

589 1524 755 1603 Difficilis
772 1540 882 1597 autem
900 1522 1092 1615 hujusmodi
1111 1547 1192 1597 cura
1217 1523 1286 1616 esl,
1304 1525 1383 1623 quia
1403 1525 1475 1600 vim
1495 1552 1559 1622 pa·

589 1635 712 1712 tientes
733 1660 776 1709 ex
796 1627 1019 1733 corruptione
1042 1634 1162 1710 vesrcae
1183 1633 1336 1707 tortione
1351 1636 1560 1711 moriuntur.

639 1747 778 1818 XLVll.
798 1742 1042 1841 Quodcunque
1053 1743 1240 1838 jumentum
1253 1768 1297 1815 ex
1310 1743 1459 1841 qualibet
1476 1770 1558 1818 cau·

589 1857 625 1933 sa
646 1852 820 1930 inveneris
835 1852 1017 1944 volutare,
1037 1853 1119 1927 oleo
1139 1878 1276 1927 manum
1304 1877 1494 1950 perunges,
1518 1849 1566 1929 &⁸

434 2006 438 2014 ·
487 2011 492 2022 ·
589 1961 702 2061 ipsum
727 1963 934 2036 anum'oleo
961 1962 1118 2059 satiabis:
1140 1963 1216 2060 post
1239 1963 1333 2059 quod
1357 1987 1495 2034 manum
1521 1965 1563 2037 in

511 2109 517 2122 ·
590 2063 793 2150 interiorem
817 2090 945 2169 partem
967 2068 1173 2174 longarionis
1191 2072 1387 2168 protendit,
1400 2071 1479 2145 &fi
1501 2071 1563 2145 in·

590 2183 730 2258 veneris
752 2183 858 2279 ipsum
879 2182 1111 2278 longauonem
1128 2182 1270 2257 ,clibano
1286 2180 1397 2254 subtili
1416 2200 1560 2276 patere,

589 2294 673 2379 scias
694 2317 772 2365 eum
794 2291 967 2389 slro'phum
991 2291 1083 2387 pati,
1097 2294 1135 2367 δι
1155 2293 1325 2365 continuo
1340 2292 1485 2365 stercora
1499 2291 1558 2384 eji-

588 2405 661 2479 cies
682 2402 839 2499 paulatim
853 2402 894 2475 ad
916 2427 1072 2494 manum,
1086 2403 1210 2499 quibus
1224 2403 1341 2501 egellis
1360 2402 1431 2475 cito
1445 2405 1558 2477 nove·

588 2514 638 2590 tis
652 2513 776 2587 animal
798 2513 1054 2609 percurandum.
1073 2514 1107 2586 δί
1121 2539 1207 2588 vero
1222 2538 1324 2585 manu
1344 2510 1464 2606 injeda
1478 2512 1561 2586 lon·'
1595 2541 1597 2547 ’

590 2623 737 2725 ganonis
759 2623 1014 2720 praeclusionem
1034 2615 1228 2712 inveneris,
1243 2625 1280 2696 δι
1305 2621 1460 2694 slercoris
1483 2648 1554 2696 mo·

590 2734 731 2823 dicum,
751 2732 820 2810 hoc
834 2730 898 2822 est,
913 2733 994 2805 duas
1013 2750 1071 2806 aut
1089 2749 1156 2805 tres
1174 2731 1301 2833 ‘pilulas
1325 2730 1497 2826 squibala,
1519 2735 1556 2805 &

489 2863 491 2872 ·
591 2840 816 2941 praefocatum
837 2831 1087 2941 longanonem,
1105 2867 1171 2939 qua
1186 2867 1303 2916 manus
1319 2841 1378 2915 vix
1392 2840 1556 2932 introeat,

589 2954 675 3027 scias
694 2978 770 3023 eum
798 2952 1012 3048 emphragma
1037 2950 1106 3047 pati
1124 2953 1167 3025 &·
1193 2950 1401 3045 periclitari,
1421 2951 1555 3025 &ideo

589 3062 731 3135 curandi
750 3046 826 3133 surit
841 3068 937 3134 renes
950 3061 1226 3134 medicaminibus
1243 3062 1340 3157 supra
1354 3060 1485 3154 scriptis
1494 3117 1506 3150 ,
1519 3065 1557 3135 δι

571 3201 581 3248 ¹.
588 3169 735 3266 clystere
749 3170 934 3259 utendum,
953 3170 1050 3265 quod
1064 3167 1330 3266 indignationem
1345 3168 1493 3243 intestini
1506 3195 1557 3244 re·

541 3311 543 3318 ·
585 3275 702 3349 solvat
726 3277 764 3347 δι
779 3294 886 3347 curet.

637 3384 791 3457 XLVlll.
813 3384 847 3455 Si
864 3409 998 3456 manum
1016 3383 1194 3478 injeceris,
1208 3386 1246 3459 δι
1265 3404 1376 3457 totum
1399 3405 1555 3464 ventrem

587 3508 759 3589 tympano
784 3490 924 3564 similem
945 3495 1178 3589 pertradando
1200 3494 1358 3580 senseris,
1375 3493 1455 3567 scias
1479 3519 1554 3567 eum

586 3600 693 3675 ileum
715 3601 807 3696 pati,
822 3600 945 3675 &cito
965 3603 1157 3699 periclitari.
1174 3606 1217 3675 Et
1237 3604 1315 3679 ideo
1339 3604 1557 3678 undionibus
1579 3690 1581 3694 y

586 3699 706 3783 calidis
729 3708 898 3784 fricandus
914 3712 959 3783 est
982 3714 1199 3786 vehementer
1213 3716 1249 3786 δι
1267 3712 1338 3785 diu.
1360 3713 1394 3783 δί
1410 3731 1555 3785 ventum

584 3817 735 3913 ..coeperit
753 3818 933 3911 emittere,
952 3839 1034 3897 tunc
1050 3822 1086 3895 in
1104 3820 1167 3894 illo
1180 3820 1253 3919 spes
1271 3821 1390 3920 incipit
1408 3822 1473 3896 elle
1498 3822 1555 3898 vi·

546 3956 549 3960 ’
585 3929 704 4006 ¹vendi.
1541 3954 1544 3959 ’

636 4039 758 4111 XLlX.
781 4025 863 4110 ltem
885 4038 909 4112 li
924 4064 1061 4116 martum
1076 4038 1224 4131 miseris,
1237 4044 1274 4115 δι
1287 4039 1462 4113 inveneris
1477 4040 1555 4114 val·

584 4145 628 4219 de
647 4168 760 4242 patere
785 4146 1043 4247 longanonem,
1065 4149 1260 4225 &stercora
1275 4173 1346 4226 uon
1369 4151 1476 4224 multa
1493 4152 1555 4224 ba·

584 4259 691 4339 bere,
717 4285 780 4335 nec
803 4262 867 4334 elle
896 4264 1113 4336 vehementer
1138 4263 1319 4352 inflatum,
1341 4262 1422 4337 scias
1445 4264 1556 4361 ipsum

586 4389 743 4453 ventrem
763 4371 898 4471 dolere,
913 4372 948 4448 id
963 4372 1010 4449 est
1023 4426 1035 4471 ,
1057 4373 1303 4474 aqualiculum,
1320 4373 1402 4450 Cito
1417 4375 1556 4473 requie·
