3875 5759
1396 692 1411 733 Q

479 841 546 921 ,οι
618 767 1271 891 uusonrrontura'

413 989 436 1083 Ἰ
477 1000 580 1069 tuor,
595 1003 654 1076 per
674 977 814 1052 allatern
834 975 970 1052 modios
991 993 1140 1074 quatuor
1154 972 1286 1048 semis:
1309 998 1444 1070 compe·

479 1091 542 1164 diti
567 1115 626 1187 per
649 1091 790 1163 hiemem
806 1086 902 1185 panis
923 1087 1040 1185 pondo
1062 1086 1198 1175 1v;ubi
1222 1084 1373 1158 vineam
1397 1084 1446 1158 fo·

480 1201 559 1274 dere
580 1200 784 1296 incipiebant
788 1252 803 1305 t
819 1200 937 1294 pondo
952 1221 990 1272 V.
1002 1201 1132 1273 Contra
1145 1196 1183 1269 in
1198 1198 1342 1270 urbana
1362 1196 1448 1270 fanti·

479 1307 524 1380 lia
547 1331 611 1405 pro
630 1307 757 1380 ratione
780 1309 817 1380 δι
837 1307 996 1402 dignitate
1016 1306 1291 1380 ministeriorum
1316 1307 1448 1380 demen-

480 1418 553 1489 sutn
574 1414 851 1489 distribuebatur:
871 1417 908 1489 &
921 1416 1084 1509 majorem
1099 1415 1300 1489 mensurant
1314 1414 1450 1513 accipie·

481 1526 560 1598 bant
586 1523 673 1596 servi
695 1526 856 1599 lautiores
880 1527 918 1600 δι
941 1525 1174 1614 honestiores,
1188 1549 1299 1623 quarn
1332 1525 1449 1598 medit-

480 1633 557 1705 stini
573 1637 608 1708 δι
629 1631 746 1706 intimi.
767 1639 817 1708 Ex
838 1659 902 1731 qua
924 1636 1086 1708 varietate
1111 1632 1184 1722 est,
1205 1633 1313 1732 quod
1334 1631 1452 1707 Sallull.

482 1739 600 1816 histor.
627 1769 643 1839 3
666 1741 700 1816 in
719 1743 876 1816 oratione
890 1742 998 1818 Macri
1017 1741 1114 1815 Trib.
1142 1740 1237 1837 pleb.
1266 1743 1314 1816 &
1341 1744 1452 1815 Seneca

483 1849 577 1946 epist.
601 1853 670 1941 80,
690 1849 797 1924 servis
817 1851 941 1948 quinos
966 1850 1102 1928 rnodios
1128 1850 1305 1948 affignat3
1333 1852 1453 1926 Donat.

486 1964 523 2038 in
543 1965 681 2037 Terent.
692 1964 846 2038 Eunuch.
867 1985 1060 2063 quaternos.
1080 1962 1307 2036 Vestimenta
1331 1962 1454 2036 familia

486 2092 581 2145 erant
597 2073 722 2145 tunicae
744 2073 913 2166 pellicere,
927 2071 1019 2171 saga,
1039 2074 1261 2146 centones&
1278 2071 1454 2159 anticuli,

487 2184 628 2261 manicae
642 2187 682 2256 de
695 2184 857 2280 pellibus,
871 2197 947 2285 quae
961 2185 1017 2259 vel
1032 2185 1066 2256 in
1081 2184 1196 2274 filvis,
1216 2186 1279 2258 vel
1295 2187 1336 2258 in
1358 2185 1455 2282 vepri-

486 2296 549 2368 bus
562 2293 687 2366 rustico
702 2295 800 2388 operi
821 2296 1066 2374 &venatorio
1089 2313 1258 2390 poterant
1279 2297 1352 2371 ell'e
1371 2321 1456 2370 cont·

486 2428 630 2483 munet:
658 2403 815 2492 Cuculli,
829 2405 899 2475 five
923 2406 1165 2494 curculiones,
1188 2409 1311 2480 Galeri
1332 2409 1370 2481 in
1391 2431 1456 2480 mo·

488 2518 567 2591 dutn
590 2514 691 2614 galeae
710 2512 806 2604 facti,
823 2518 900 2610 pilei
918 2513 1140 2602 (tenuerant,
1155 2519 1198 2589 δι
1220 2518 1340 2592 sutiles
1354 2544 1375 2591 e
1390 2518 1457 2616 pel·

488 2624 579 2697 libus
599 2622 752 2712 lanariis,
770 2625 883 2720 quales
903 2622 1015 2718 prisco
1032 2624 1097 2696 ritu
1121 2621 1265 2697 fuerunt
1284 2627 1457 2704 Rornano-

489 2762 565 2809 rum
585 2733 784 2831 pontificum
802 2738 912 2833 galeri.
932 2739 1085 2835 Utraque
1100 2735 1226 2830 capitis
1248 2739 1405 2836 tegmina
1423 2739 1456 2812 ad

414 2929 416 2934 .
490 2847 651 2924 arcendas
672 2845 814 2942 pluvias.
827 2846 963 2919 Colum.
982 2871 1020 2919 1:
1047 2855 1163 2949 cultam
1186 2849 1398 2950 vestitamque
1408 2851 1455 2942 fa·

491 2959 614 3032 milium
627 2961 730 3052 magis
744 2961 882 3043 utiliter,
892 2984 986 3049 quarn
1001 2961 1131 3028 delicate
1146 2959 1292 3048 lrabeat,
1308 2966 1455 3032 munitam

490 3069 653 3157 diligenter
674 3092 695 3132 a
716 3089 804 3133 vento
829 3069 1019 3158 pluviaque,
1037 3092 1101 3159 quat
1124 3069 1240 3138 cunc‘la
1258 3074 1457 3163 prohibentur

486 3176 622 3271 pellibus
642 3176 832 3259 manicatis,
848 3177 1025 3247 centonibus
1043 3175 1209 3265 confetiri,
1226 3182 1405 3280 velfagr‘s,
1416 3204 1455 3252 cu·

379 3332 382 3339 ·
492 3282 596 3358 cultis.
621 3280 747 3367 Auctor
769 3282 895 3352 Mureti
922 3281 963 3352 de
991 3281 1110 3356 Similo
1132 3285 1292 3395 rustico,
1321 3292 1455 3384 nilusque

491 3400 597 3493 galero
617 3397 684 3464 Sub
698 3392 780 3489 juga
795 3418 937 3486 parentes
950 3394 1062 3490 jungit
1081 3403 1184 3467 lorata
1202 3400 1383 3483 juvencos.
1403 3398 1464 3479 Pr:

495 3522 618 3583 nonas
632 3505 670 3580 &
689 3521 938 3595 severorum,
956 3530 1039 3601 quas
1054 3504 1178 3578 Cicero
1199 3507 1239 3578 in
1261 3511 1457 3598 Pisoniana,

495 3609 731 3686 &Petronius
753 3611 911 3707 Satyrico
927 3615 1036 3707 solcas
1057 3619 1178 3709 ligneas
1202 3639 1372 3711 vocant,
1396 3620 1458 3691 sunt

497 3721 722 3796 calceamenta
741 3720 860 3798 rustica
878 3723 915 3798 δι
941 3720 1094 3795 servilia:
1116 3721 1172 3793 illa
1192 3748 1213 3793 e
1229 3728 1342 3800 corio
1364 3727 1458 3802 crudo

376 3915 381 3929 „
497 3828 604 3920 fiunt,
618 3830 743 3905 haecex
766 3826 875 3901 solido
897 3829 992 3926 ligno
1017 3830 1216 3924 ex'sculpto‚
1232 3833 1362 3909 dictaa
1382 3833 1460 3909 scul-

496 3941 635 4039 pendo:
653 3940 742 4012 unde
761 3925 933 4016 Peronani
952 3944 988 4014 &
1007 3949 1236 4036 Sculponcacus
1249 3944 1397 4020 indutus
1409 3971 1460 4042 pe·

497 4050 638 4126 ronibus
658 4049 901 4144 sculponeisve.
916 4050 1036 4148 Virgil.
1059 4053 1115 4123 lib.
1128 4079 1172 4143 7:
1197 4092 1236 4113 v·
1253 4065 1378 4130 crudus
1398 4061 1462 4155 regit

498 4170 595 4240 altera
608 4191 703 4263 pero;
717 4161 773 4232 ubi
790 4161 945 4234 Servius:
960 4167 1037 4234 Pero
1049 4167 1189 4266 rusticum
1206 4175 1464 4268 calceamentum·

498 4271 627 4364 Perlitts
641 4297 651 4348 c
666 4275 787 4348 Navirn
798 4271 837 4373 st
844 4272 1034 4378 poscat-fibi
1048 4299 1216 4372 peronatus
1236 4303 1367 4383 arator.
