3875 5759
406 903 546 974 ..440
644 871 985 971 vacarit
1033 871 1161 941 L1s.
1212 870 1292 940 ιν.

479 1035 647 1137 chymatis
666 1033 781 1108 uncias
803 1032 901 1120 duas,
924 1029 1016 1104 succi
1032 1027 1167 1128 hyssopi
1190 1026 1322 1100 uncias
1352 1026 1453 1117 duas,

479 1168 583 1242 guttae
605 1143 834 1219 Ammoniace
864 1141 980 1215 uncias
1009 1141 1115 1230 duas,
1141 1138 1229 1234 picis
1259 1138 1401 1210 Brutiae
1423 1139 1458 1211 li·

475 1248 599 1342 hram,
624 1250 890 1349 [liquefacienda
913 1251 1079 1349 liquefac),
1097 1249 1287 1346 pulverem
1313 1251 1459 1323 aliorum

482 1365 604 1436 addens
628 1361 715 1456 agita
737 1366 928 1455 decoque,
949 1383 987 1433 ut
1011 1362 1048 1431 srt
1072 1385 1136 1430 una
1156 1358 1379 1449 substantia,
1396 1386 1460 1458 quo

483 1470 585 1544 uteris
607 1470 766 1545 adversus
786 1472 960 1543 vesicas&
976 1469 1189 1556 suffusiones,
1207 1492 1296 1563 quae
1319 1469 1460 1542 nascun-

485 1598 538 1650 tur
559 1577 592 1646 in
611 1579 751 1674 genibus
774 1582 810 1650 δι
835 1578 951 1662 tibiis,
967 1579 1005 1650 &
1023 1575 1141 1662 nodis,
1158 1575 1196 1645 δι
1211 1573 1408 1666 astipulis:
1431 1578 1462 1649 δι

485 1686 657 1782 glandulas
681 1689 717 1760 δι
740 1685 942 1784 oshlaginem
960 1709 1077 1757 curare
1102 1682 1298 1775 creditura]
1326 1685 1462 1780 Pelago-

485 1794 560 1865 nius
580 1794 779 1883 caudicum,
795 1795 891 1892 quod
917 1794 1110 1866 suffusiones
1136 1791 1344 1890 veficasque
1365 1795 1462 1866 ficca·

487 1922 538 1975 ret
552 1901 586 1975 in
601 1905 740 2002 genibus
758 1906 815 1977 vel
830 1905 979 1979 articulis
990 1960 1002 1995 ,
1013 1906 1074 1976 hac
1086 1902 1223 1977 ratione
1239 1905 1462 2001 composuit:

488 2016 585 2086 Cerae
600 2016 734 2087 Punicae
746 2015 886 2105 libram,
901 2016 1017 2087 resinae
1031 2013 1182 2108 pondera
1197 2013 1278 2085 duo
1293 2016 1337 2087 δι
1351 2014 1463 2103 semis,

490 2125 623 2220 galbani
638 2126 753 2197 uncias
778 2144 864 2212 tres,
885 2123 1023 2219 asphalti
1038 2120 1165 2196 Iudaici
1189 2124 1362 2216 pondera
1376 2127 1463 2211 duo,

488 2231 637 2328 myrrhae
666 2230 867 2307 secundaria
898 2231 1050 2327 pondera
1080 2231 1177 2319 duo,
1207 2229 1403 2305 bituminis
1429 2234 1464 2303 li·

489 2338 607 2424 bram,
634 2342 849 2412 Ammoniaci
876 2341 992 2414 uncias
1021 2341 1101 2429 sex,
1126 2339 1214 2414 cosli
1247 2342 1379 2415 uncias
1404 2343 1463 2415 ser.

491 2450 617 2519 Verum
641 2467 751 2520 cetera
767 2448 930 2541 decoquis
943 2448 977 2532 in
997 2449 1124 2520 cacabo
1148 2446 1247 2521 fiuili
1264 2476 1373 2526 novo
1385 2505 1397 2541 ,
1410 2454 1463 2550 qui

493 2583 570 2630 cum
584 2557 753 2629 refrixerit
766 2611 777 2645 ,
789 2558 881 2629 addis
896 2557 1078 2653 asphaltum
1091 2559 1128 2630 δι
1141 2559 1463 2634 Ammoniacum&

492 2667 624 2742 cossum
647 2694 710 2764 pro
734 2668 908 2753 mensura,
922 2693 987 2764 qua
1003 2667 1162 2762 scriptum
1177 2668 1252 2756 est,
1281 2672 1408 2744 tritum
1427 2674 1463 2743 ad

492 2779 632 2850 modum
654 2777 796 2868 farinae,
813 2782 851 2854 &
873 2777 1029 2876 agitabis,
1047 2777 1084 2850 δι
1103 2777 1228 2848 iterum
1249 2804 1411 2878 coques,
1429 2801 1462 2853 ut

491 2887 532 2961 srt
552 2914 616 2962 una
638 2890 836 2976 substantia,
858 2915 928 2985 quo
951 2888 1054 2962 uteris
1079 2886 1261 2960 adversum
1294 2909 1406 2964 venas
1429 2893 1462 2963 δι

493 2996 641 3082 vesrcas,
662 3000 700 3070 δι
713 2997 933 3085 suffusiones,
952 3022 1029 3092 quae
1043 2995 1227 3068 nascuntur
1242 2996 1280 3069 in
1292 3001 1463 3096 genibus,

492 3104 596 3173 autin
612 3094 722 3194 tibiis,
736 3125 791 3176 aut
803 3106 891 3178 inter
903 3106 1034 3190 nodos,
1047 3124 1103 3175 aut
1119 3104 1153 3175 in
1167 3106 1345 3199 articulis,
1360 3111 1464 3209 usque

493 3235 561 3297 eu,
583 3231 620 3282 ut
639 3213 857 3309 ossulaginem
877 3239 994 3288 curare
1011 3215 1173 3290 credatur.
1186 3217 1354 3314 Malagma
1373 3247 1465 3315 quo·

495 3343 562 3416 que
585 3320 765 3393 causlicum
790 3321 852 3394 hac
874 3322 988 3396 voluit
1011 3324 1144 3397 ratione
1168 3325 1342 3420 componi.
1367 3327 1466 3399 Picis

495 3429 648 3525 pondera
669 3432 766 3522 duo,
786 3457 876 3506 cerae.
897 3435 1048 3529 pondera
1068 3435 1163 3522 duo,
1184 3434 1316 3534 galbani
1336 3437 1466 3511 uncias

495 3558 579 3628 tres,
601 3543 715 3614 resinae
740 3545 879 3634 libram,
894 3545 1001 3641 adipis
1019 3547 1160 3618 taurinae
1181 3545 1337 3641 pondera
1362 3548 1464 3639 duo,

495 3650 612 3723 bdellii
630 3653 745 3726 uncias
764 3654 907 3749 septem,
926 3655 1009 3726 turis
1027 3654 1164 3751 pollinis
1174 3656 1295 3730 uncias
1307 3675 1397 3748 tres,
1411 3684 1464 3730 re·

491 3759 573 3831 sinae
594 3761 828 3834 terebinthinae
850 3763 968 3837 uncias
986 3763 1060 3850 sex,
1084 3763 1167 3837 visci
1191 3766 1352 3861 pondera
1374 3770 1464 3858 duo,

496 3867 594 3964 glutis
605 3872 720 3943 uncias
734 3889 809 3946 tres.
818 3872 986 3970 Absyrtus
997 3870 1189 3966 hujusmodi
1202 3874 1391 3972 causticum
1402 3878 1465 3952 hac

494 3978 628 4051 ratione
644 3980 856 4075 composuit:
869 3981 1084 4056 Glandularis
1099 3985 1214 4056 rehnae
1230 3984 1335 4058 frixae
1351 3990 1467 4064 uncias

495 4106 586 4179 tres,
600 4090 684 4185 picis
705 4093 796 4163 durae
817 4094 932 4166 uncias
947 4112 1033 4181 tres,
1050 4094 1223 4168 bituminis
1244 4098 1381 4174 Judaici
1394 4128 1468 4195 un·

496 4194 564 4267 cias
586 4221 674 4284 tres,
697 4201 798 4274 evisci
818 4204 933 4275 uncias
953 4220 1042 4290 tres,
1062 4203 1194 4301 galbani
1220 4205 1349 4282 uncias
1377 4231 1469 4298 tres,

494 4303 668 4381 bituminis
688 4308 803 4384 Graeci
829 4311 944 4384 uncias
967 4327 1044 4384 tres.
1069 4312 1143 4389 haec
1168 4315 1290 4390 omnia
1314 4319 1356 4392 in
1380 4321 1468 4396 vino
