3875 5759
586 959 660 1038 ²94
757 925 1088 1012 vectrr't
1135 933 1265 1013 ιιι.
1314 941 1369 1014 ιι,

585 1095 730 1173 curabis.
745 1095 784 1171 ln
809 1071 1091 1195 omnibus'supra
1116 1096 1248 1195 scriptis
1268 1096 1549 1188 valetudinibus,

466 1281 470 1292 ,
585 1206 732 1304 primurn
751 1204 793 1277 de
803 1205 1014 1299 temporibus
1036 1206 1240 1280 minuendus
1260 1210 1307 1281 est
1326 1210 1478 1307 sanguis,
1493 1210 1551 1282 sed

587 1317 629 1390 δι
640 1316 682 1387 de
689 1312 825 1386 matrice
839 1314 1021 1409 aliquando
1034 1318 1216 1396 tollendus.
1229 1321 1319 1391 Cura
1329 1340 1440 1392 autem
1451 1344 1550 1415 paene

587 1420 743 1496 omniurn
757 1420 873 1495 similis
884 1422 950 1512 est,
965 1421 1062 1514 cujus
1077 1424 1233 1498 ordinem
1251 1413 1422 1525 sequentia
1438 1426 1552 1514 decla-j

584 1530 719 1606 rabunt.
1164 1524 1172 1558 ³
1324 1536 1325 1540 ’

528 1708 530 1711 .
632 1619 692 1715 Vt.
711 1640 906 1718 Memineris
919 1649 1047 1734 autetn',
1059 1666 1178 1717 omnes
1192 1644 1402 1719 valetudines
1416 1643 1552 1741 capitis,

585 1749 758 1848 praecipue
778 1772 930 1842 veteres,
943 1751 1169 1850 periculosas,
1189 1753 1295 1850 cyclo
1311 1773 1474 1849 oportere
1488 1780 1551 1829 cu-

587 1859 665 1933 rari.
685 1858 752 1934 Cui
766 1858 840 1947 haec
855 1859 1070 1935 observantia
1091 1861 1130 1933 δι
1148 1861 1237 1933 ordo
1250 1859 1298 1932 est
1314 1860 1551 1934 adhibendust

585 1967 722 2045 Triduo
740 1970 782 2042 ab
801 1970 934 2044 hordeo
955 1966 1173 2043 abstinebitur
1186 1968 1326 2058 animal,
1341 1968 1552 2063 temperabi-

585 2098 643 2154 tur
655 2081 754 2154 etiam
767 2080 930 2155 mollibus
941 2081 1050 2172 cibis,
1067 2077 1144 2178 post
1158 2077 1246 2152 diem
1260 2079 1390 2151 tertiam
1411 2080 1451 2150 de
1467 2080 1553 2150 dex·

586 2206 638 2262 tra
659 2213 700 2261 ac
715 2188 865 2278 sinistra,
885 2208 988 2286 prout
1006 2209 1084 2260 aetas
1097 2207 1155 2259 ant
1172 2187 1288 2277 vires,
1308 2185 1365 2259 vel
1386 2183 1551 2258 valetudo

585 2296 820 2395 permiserint,
833 2298 874 2370 de
888 2297 1024 2370 matrice
1046 2298 1179 2395 sanguia
1194 2297 1372 2370 auferetur.
1394 2297 1479 2389 Quo
1505 2295 1549 2368 fa·

584 2406 662 2495 tto,
676 2402 898 2503 pertriduum
912 2401 1014 2478 viridi
1028 2403 1272 2478 cauliculorum
1286 2430 1326 2479 ac
1345 2405 1548 2477 lactucarum

586 2503 833 2594 sustentabitur'
846 2514 936 2591 cibo.
953 2514 1068 2587 Primo
1093 2539 1164 2588 uno
1186 2514 1370 2615 dieacibo
1395 2540 1473 2587 eum
1495 2516 1548 2588 su·

586 2625 778 2702 stinebis&
790 2651 885 2725 aqua.
903 2649 1005 2699 novo
1020 2644 1129 2698 autem
1143 2623 1198 2698 die
1212 2623 1294 2697 ossas
1309 2624 1457 2700 caulium
1472 2647 1547 2698 cunt

585 2736 771 2837 liquamine
792 2737 939 2822 &oleo
965 2735 1100 2833 optimo
1123 2754 1321 2840 temperatas
1345 2759 1416 2807 non
1439 2733 1548 2808 minus

584 2849 712 2948 viginti
730 2848 881 2947 digeras,
895 2846 950 2923 cui
973 2846 1198 2921 nihilominus
1222 2846 1385 2920 laelucam
1401 2845 1496 2919 dabis
1514 2845 1546 2918 in

525 2986 528 2991 ·
583 2957 668 3034 cibo
691 2978 742 3029 ter
757 2956 870 3027 indie.
892 2954 967 3049 poti
982 2955 1166 3050 potionem
1176 2954 1292 3029 bibere
1311 2954 1441 3050 semper
1463 2954 1546 3030 inci·

583 3066 666 3163 piat.
684 3063 721 3135 si
747 3085 834 3133 vero
858 3078 979 3133 venter
1007 3064 1225 3136 vehementer
1247 3063 1334 3136 solvi
1355 3064 1544 3166 inceperit,

488 3210 491 3218 ·
583 3170 733 3248 caulium
753 3167 836 3240 offas
850 3168 928 3240 dare
950 3168 1080 3240 deslstes
1097 3196 1106 3239 :
1125 3169 1179 3240 sed
1193 3170 1285 3242 dabis
1297 3171 1406 3266 paleas
1424 3173 1463 3245 &
1477 3170 1547 3243 sur*

582 3281 696 3371 sures,
710 3279 758 3353 ita
771 3295 809 3353 ut
823 3278 979 3377 sequente
999 3277 1054 3351 die
1072 3278 1206 3375 penitus
1231 3282 1316 3353 nihil
1340 3283 1545 3373 manducet,

584 3393 644 3475 sed
665 3388 770 3465 solam
795 3413 918 3488 aquam
939 3386 1106 3485 percipiat
1126 3391 1167 3464 ad
1189 3390 1400 3484 bibendum,
1419 3419 1460 3469 ac
1485 3419 1545 3492 po·

450 3506 453 3521 '
571 3503 674 3577 ·sler0
688 3499 742 3573 die
755 3498 935 3572 inducatur
947 3498 983 3569 in
999 3497 1118 3572 cellam
1136 3501 1248 3575 balnei
1262 3502 1402 3576 calidam
1416 3556 1428 3591 ,
1444 3501 1512 3578 &s
1529 3539 1546 3559 ·

582 3606 650 3680 det.
670 3606 772 3701 Opus
789 3604 836 3676 esi
853 3620 965 3678 autem
986 3601 1177 3703 diligentia,
1197 3625 1236 3679 ut
1259 3608 1437 3681 reducatur
1459 3608 1545 3682 cele·

582 3717 667 3793 riter
687 3716 729 3790 d'e
746 3716 883 3817 calore,
904 3721 947 3789 ne
966 3713 1149 3791 intercluso
1167 3715 1284 3813 spiritu
1303 3739 1440 3816 pereat:
1463 3739 1545 3794 tunc

581 3844 777 3924 extergetur
792 3823 986 3922 diligenter,
1005 3823 1208 3922 vinoque&
1222 3825 1303 3898 oleo
1322 3826 1457 3925 largiter
1471 3854 1546 3925 per·

582 3937 747 4026 fricatus,
767 3934 912 4031 accipiet
938 3961 1014 4010 curn
1043 3935 1122 4009 nitri
1151 3938 1294 4033 pulvere
1325 3939 1406 4012 solia
1437 3940 1546 4014 rafani

582 4046 789 4146 conspersa,
810 4065 973 4143 quantum
1000 4047 1230 4121 commodum*
1243 4048 1299 4122 est.
1320 4049 1543 4122 Postmodum

584 4184 663 4235 cum
687 4158 854 4232 radicibus
875 4156 1199 4256 cucumeris—asinini
1217 4159 1335 4234 viridis
1351 4160 1545 4233 minutatim

582 4267 729 4344 concifis
751 4268 866 4341 oleum
888 4257 1057 4362 optimum
1074 4267 1215 4358 misces,
1235 4270 1274 4342 δι
1296 4267 1332 4341 in
1350 4266 1426 4342 vase
1443 4292 1544 4341 novo

538 4418 539 4421 ι
582 4372 633 4449 ita
656 4365 851 4475 deceques,
871 4394 916 4473 ut
933 4372 1067 4450 tertiam
1090 4376 1218 4476 perdat.
1237 4400 1281 4451 ex
1307 4400 1378 4475 quo
1399 4376 1546 4475 singulas
