3875 5759
575 919 1340 1012 utunturesnusrtrus
1404 947 1448 1025 75

482 1084 585 1160 'versa
604 1085 882 1160 clementioribus
908 1086 1037 1185 plagis,
1063 1085 1231 1166 recidatur
1258 1089 1456 1163 aullttmno.

489 1199 555 1271 Sed
578 1198 613 1271 in
635 1200 821 1293 putatione·
835 1200 964 1295 semper
979 1198 1214 1291 nitamutfentt
1231 1199 1312 1274 uiris
1331 1200 1389 1273 siat
1415 1201 1453 1274 in

468 1318 593 1396 'crure
614 1311 804 1402 robuslior,
820 1337 863 1383 ne
886 1310 983 1409 [ve]
1001 1307 1120 1388 debili?
1125 1310 1278 1387 uiticolae
1298 1314 1368 1385 duo
1393 1313 1456 1384 du·

488 1429 642 1491 ramenta
661 1419 844 1494 servemus.
869 1419 1060 1493 Auferenda
1085 1420 1165 1496 sunt
1182 1422 1277 1512 lata,
1296 1421 1456 1509 intorta,-

487 1527 613 1601 debilia
626 1582 638 1619 ,
651 1529 745 1602 malis
758 1530 845 1604 locis
860 1551 938 1602 nara
952 1528 1127 1603 sarmenta.
1142 1534 1315 1604 Focaneus
1328 1530 1429 1602 etiam
1442 1573 1476 1633 ,‘

487 1635 550 1732 qui
569 1634 656 1709 inter
676 1638 747 1709 duo
763 1638 895 1712 brachia
910 1639 1041 1711 medius
1062 1637 1211 1714 nascitur
1219 1636 1342 1729 ,debet
1357 1637 1456 1709 abra-

488 1746 547 1819 di:
567 1748 625 1843 qui
647 1748 670 1821 sr
690 1750 926 1847 pinguitudine
945 1751 1002 1823 sua
1024 1750 1200 1826 brachium
1220 1750 1458 1847 quodcunque

486 1859 684 1950 proximum
710 1860 965 1948 debilitaverit,
991 1860 1041 1952 illi
1066 1857 1180 1931 deciso
1206 1858 1275 1951 ipse
1287 1858 1457 1933 succedas.
1549 1927 1553 1940 ,

487 1961 559 2042 Esit
579 1988 692 2040 tamen
720 1969 843 2064 oprimi
864 1967 1052 2062 putatoris,
1066 1968 1209 2042 inferius
1225 1965 1459 2058 sarmentum,

486 2078 583 2171 quod
598 2074 790 2147 bonoloco
806 2091 922 2145 natum
938 2074 1058 2166 suerit,
1075 2076 1269 2173 repamdn
1279 2064 1362 2148 'vifis
1376 2085 1458 2149 c'art-

487 2185 522 2256 sa
540 2185 670 2279 semper
684 2185 795 2269 tueri,
813 2186 908 2260 &ad
926 2209 1029 2260 unam
1050 2187 1105 2260 vel
1128 2186 1208 2260 duas
1228 2199 1458 2287 gemmas-re·-

486 2295 653 2391 linquere.
670 2297 708 2365 ln
721 2294 807 2369 locis
824 2295 1102 2372 clemetltioribus
1122 2298 1226 2372 altius
1245 2297 1350 2373 vitem
1370 2291 1458 2370 licea
1487 2383 1492 2390 ¹
1585 2393 1592 2404 .

486 2402 537 2474 bit
558 2404 774 2499 expandere:
788 2405 824 2477 in
838 2406 1006 2492 exilibus,
1021 2426 1078 2479 aut
1097 2405 1243 2481 aesluobs
1256 2458 1266 2495 ,
1281 2424 1340 2477 aut
1352 2404 1457 2478 decli·

487 2512 611 2602 vibus,
628 2538 692 2587 aut·
705 2515 922 2610 procellosis,
935 2518 1100 2590 humilior
1121 2516 1167 2589 est
1183 2516 1349 2588 labenda
1369 2515 1459 2588 loc't
1505 2519 1508 2534 '

487 2622 689 2722 pinguibus,
704 2625 841 2724 singulis
852 2627 1000 2729 brachiis
1019 2626 1143 2699 vitium
1158 2625 1239 2698 bina
1260 2624 1389 2719 flagella
1406 2624 1466 2695 di··

487 2733 596 2807 mitte.
619 2734 684 2807 Sed
702 2735 766 2807 erit
795 2734 951 2827 sapientis
973 2732 1134 2802 aestimare
1158 2732 1231 2805 vim
1257 2731 1348 2824 sitis.
1378 2755 1457 2805 nam

486 2868 565 2938 quae
578 2842 680 2914 altius
700 2840 847 2926 colitur,
861 2841 898 2913 ἃ
914 2839 1076 2909 foecunda
1087 2837 1158 2929 ess,
1170 2838 1246 2934 plus
1260 2857 1361 2936 quam
1376 2842 1458 2913 olio
1486 2835 1489 2839 ⁴
1560 2887 1563 2902 .

485 2950 644 3047 palmites
671 2951 794 3021 habere
822 2972 894 3020 non
922 2948 1046 3034 debet,
1073 2945 1119 3019 ita
1147 2966 1185 3019 ut
1217 2946 1460 3022 conservemus

487 3060 619 3153 semper
630 3057 664 3127 in
679 3054 842 3127 inferiore
853 3052 1146 3151 panecunodem.
1157 3051 1460 3153 (brennus-quid

484 3170 572 3267 quid
595 3168 762 3255 nascitur,
775 3168 1015 3263 amputandum
1029 3166 1092 3256 esl,
1104 3165 1128 3238 fi
1142 3181 1214 3240 'nod
1225 3166 1385 3242 desideret
1399 3166 1456 3241 vi·

484 3303 548 3353 nea
570 3279 741 3354 revocari.
756 3280 863 3371 Quod
881 3277 903 3350 st
920 3299 1063 3352 truncus
1083 3277 1164 3350 vitis
1184 3276 1280 3369 lille,
1299 3296 1357 3351 aut
1373 3278 1455 3375 plu·
1573 3273 1576 3278 ’

484 3389 574 3479 viis,
591 3409 649 3460 aut
670 3387 784 3461 noxiis
803 3387 1001 3461 animalibus
1026 3386 1073 3460 esl
1094 3403 1257 3477 cavans,
1273 3411 1455 3488 purgamus

485 3496 650 3596 quidquid
669 3497 717 3569 est
735 3520 931 3583 mortuum,
947 3495 1126 3593 plagasque
1148 3520 1205 3570 eas
1219 3519 1356 3572 amurca
1373 3495 1455 3569 lini·

483 3632 580 3693 mus,
599 3609 637 3680 bc
661 3626 771 3676 terra:
789 3606 884 3701 quod
910 3603 1064 3700 proderit
1084 3605 1260 3680 adversum
1284 3603 1455 3705 predilla.

483 3720 616 3791 Cortex
639 3715 737 3787 etiam
760 3714 961 3802 recisus,&
984 3716 1172 3810 pendensa
1197 3716 1273 3790 vite
1283 3715 1454 3791 tollatur:

460 3911 463 3916 ,
485 3854 562 3926 quae
584 3851 636 3899 res
655 3823 824 3898 minorem
839 3825 957 3900 faecem
971 3826 1080 3897 reddit
1092 3824 1129 3897 in
1142 3825 1239 3900 vino.
1252 3826 1386 3924 Mbseus
1401 3850 1457 3916 rn-⁴

475 3939 583 4027 ‚datur
600 3935 796 4034 ubicunque
809 3953 971 4030 repertus
985 3934 1049 4007 Sed
1070 3934 1199 4032 plaga,
1216 3933 1348 4033 quasin
1363 3935 1453 4006 duro
1527 3978 1537 4001 ι

486 4048 568 4118 vitis
588 4044 753 4139 accipiet,
772 4042 924 4142 obliquae
945 4044 985 4117 &
1006 4041 1165 4118 rotunde
1174 4042 1246 4116 esse
1266 4040 1454 4115 debebunt'.

487 4154 632 4244 Decifis,
644 4155 725 4227 ficut
738 4149 834 4248 supra
849 4153 934 4242 dixi,
950 4152 1038 4225 male
1051 4151 1138 4227 natis
1150 4151 1323 4240 omnibus,
1336 4152 1375 4224 δι
1388 4174 1451 4222 ve-

485 4261 632 4349 teribus,
644 4263 803 4337 novellos
815 4262 853 4334 &
867 4260 1068 4338 studentior
1080 4260 1187 4336 serva.
1194 4263 1335 4357 Ungues
1348 4258 1451 4331 etiam

479 4371 661 4450 custodum
676 4371 805 4465 fictos,
828 4372 1066 4447 &annotinos
1086 4367 1225 4456 recide,
1251 4370 1290 4444 δι
1304 4366 1450 4457 omen,
