3875 5759
580 944 685 1016 ΗΒ.
733 939 804 1048 ιν,
854 889 1221 1048 M‘aurrus.
1324 954 1392 1026 ιο,
1448 937 1453 996 ι

427 1099 543 1192 naria,
561 1127 640 1198 quae
662 1101 842 1174 februario
862 1101 977 1174 mense
990 1100 1086 1175 'dicla
1104 1100 1395 1191 sunt,baccarum

428 1210 467 1283 δι
488 1210 651 1286 seminum
673 1210 778 1303 fiant,
797 1214 834 1287 δι
852 1209 981 1286 rosaria
1002 1210 1040 1284 in
1059 1210 1181 1285 mensls
1199 1209 1301 1285 initio
1316 1234 1396 1309 per·

428 1319 615 1396 colantur..
1095 1345 1116 1400 ἢ

478 1432 539 1502 lx.
562 1433 662 1505 Nunc
680 1430 773 1505 horti
795 1430 925 1528 optime
945 1430 1080 1504 sumunt
1102 1428 1267 1504 cultionis
1287 1424 1395 1500 initia.

428 1539 689 1617 Mense'Martio
711 1542 855 1617 carduus
878 1540 1009 1615 seritur.
1031 1564 1154 1614 terram
1180 1539 1397 1613 'stercoratam

430 1649 469 1723 &
491 1647 635 1723 solutam
649 1650 783 1748 diligit,
798 1649 957 1747 quamvis
972 1650 1008 1722 in
1028 1648 1145 1748 pingui
1160 1646 1261 1744 pollit
1278 1645 1401 1718 melius

427 1756 623 1853 provenire.
640 1759 679 1832 δι
694 1760 764 1833 hoc
778 1758 829 1832 illi
853 1779 975 1833 contra
990 1759 1096 1854 talpas
1110 1757 1264 1853 prodest,
1279 1755 1303 1826 fi
1317 1780 1400 1849 pan·

428 1877 528 1962 gatur
542 1868 578 1946 in
594 1867 729 1957 solido,
743 1892 786 1938 ne
805 1887 894 1940 terra
908 1868 951 1939 ab
971 1865 1120 1937 inimicis
1133 1860 1331 1936 animalibus
1348 1864 1402 1935 fa·

428 1976 526 2049 cilius
539 1976 745 2073 perforetur.
767 1976 906 2046 Serendi
919 1973 1003 2077 'sunt
1024 1971 1139 2072 cardui
1157 1973 1237 2045 luna
1253 1972 1402 2048 crescen-

427 2103 481 2174 te,
500 2084 535 2156 in
553 2109 630 2158 area
648 2084 716 2177 jam
731 2101 866 2179 parata,
880 2081 1006 2156 semina
1022 2082 1131 2179 spatio
1146 2080 1402 2179 semipedisdil·
1468 2129 1475 2136 -

428 2210 531 2266 creta.
553 2191 745 2263 cavendum
769 2189 839 2281 etl,
853 2216 897 2263 ne
917 2190 1043 2265 semina
1062 2190 1197 2266 inversa
1219 2212 1402 2290 ponantur.

427 2323 508 2370 narn
531 2297 682 2388 debiles‚·
698 2296 863 2389 incurvos
882 2301 921 2375 δι
937 2300 1042 2375 duros
1056 2302 1229 2376 creabunt.
1248 2325 1321 2375 non
1334 2301 1401 2373 alte

427 2409 651 2506 imprimenda
678 2410 774 2501 sunt,
800 2410 855 2486 sed
881 2412 989 2488 tribus
1018 2412 1132 2511 digitis
1159 2410 1402 2509 comprehensa

427 2539 622 2617 mergantur
630 2573 642 2611 ‚
659 2521 772 2596 donec
786 2522 827 2594 ad
843 2522 975 2617 primos
988 2520 1153 2593 articulos
1174 2539 1263 2591 terra
1279 2542 1404 2614 perve-
1468 2571 1471 2576 .

427 2626 510 2702 niat.
535 2648 618 2701 tunc
641 2627 765 2715 leyiter
789 2628 1010 2723 operiantur,
1026 2629 1064 2699 &
1085 2626 1199 2698 herbis
1216 2625 1403 2697 liberentur

367 2754 370 2760 ’
428 2731 575 2827 affidue,
595 2739 706 2810 donec
723 2736 890 2834 plantaria
909 2734 1120 2820 solidentur,
1136 2734 1174 2804 &
1193 2730 1403 2827 rigentur,li

428 2845 527 2919 aestus
548 2843 746 2917 intervenit.
769 2842 803 2912 Si
824 2838 980 2912 acumina
1003 2836 1166 2910 seminum
1186 2834 1404 2934 confringas,

350 2984 352 2989 ·
429 2951 532 3045 [pinis
546 2950 721 3025 carebunt.
750 2947 832 3022 irem
854 2948 879 3019 fi·
898 2944 1024 3019 semina
1042 2969 1163 3019 eorum
1185 2944 1404 3020 madefeceris

429 3056 659 3153 pertriduum
681 3055 821 3128 lautino
845 3053 1019 3144 oleo,vel
1040 3053 1210 3139 nardino,
1232 3053 1290 3127 vel
1312 3079 1404 3151 opo·

429 3165 601 3257 balsamo,
623 3166 679 3253 vel
690 3165 796 3239 succo
808 3165 893 3238 rosae
901 3218 913 3256 ‚
927 3165 987 3238 vel
1001 3164 1223 3257 mastichino,
1236 3165 1405 3264 &postea

429 3275 552 3349 siccata
571 3275 783 3373 deprefferis,
802 3274 948 3371 ejusdem
972 3276 1100 3374 saporis
1122 3279 1295 3364 orientur,
1308 3278 1406 3374 cujus

431 3404 641 3483 unguentum
659 3386 786 3459 semina
806 3386 1056 3460 combiberunt.
1080 3387 1227 3488 Singulis
1251 3387 1327 3460 sane
1341 3413 1403 3460 an-

430 3495 520 3568 nisa
543 3496 664 3571 codice
681 3497 874 3570 auferendae
895 3496 971 3569 sunt
985 3499 1133 3594 plantae,
1148 3518 1187 3573 ut
1207 3523 1271 3571 nec
1284 3522 1406 3572 matres

430 3602 635 3700 fatigentur,
647 3606 686 3680 dc
698 3604 834 3678 soboles
854 3628 914 3701 per
927 3604 991 3676 alia
1006 3604 1112 3702 spatip
1126 3607 1315 3704 digeratur:
1328 3631 1407 3681 cum

429 3712 542 3811 aliqua
562 3732 672 3790 tamen
697 3713 820 3788 radicis
838 3733 935 3811 parte
950 3714 1118 3788 vellendae
1141 3716 1229 3792 sunt.
1245 3742 1334 3815 quos
1348 3741 1405 3788 re·

432 3820 582 3894 serbavis
606 3823 648 3896 ad
671 3822 796 3898 semina
818 3822 1034 3921 colligenda,
1058 3823 1220 3899 liberatos
1245 3824 1407 3898 omnibus

432 3928 534 4022 pullis
558 3928 640 4004 testa
665 3928 875 4029 supertegere
896 3930 1053 4021 debebis,
1077 3953 1136 4006 aut
1160 3934 1301 4010 cortice.
1326 3958 1405 4007 nam

432 4039 545 4126 solent
570 4038 697 4113 semina
726 4039 796 4115 sole
826 4041 885 4115 vel
906 4040 1071 4115 imbribus
1099 4042 1247 4117 interire.
1273 4046 1407 4117 Contra

433 4150 541 4246 talpas
556 4147 702 4243 prodest
731 4168 828 4223 catos
853 4148 1050 4247 frequenter
1072 4151 1197 4224 babere
1222 4150 1258 4221 in
1283 4148 1405 4224 mediis

378 4326 381 4332 .
433 4254 612 4332 carduetis.
636 4255 787 4330 mustelas
802 4258 927 4333 babent
949 4257 1101 4359 plerique
1115 4256 1316 4331 mansuetas.
1341 4257 1404 4332 ali·

432 4366 494 4469 qui
514 4364 683 4443 foramina
695 4390 809 4445 earum
830 4368 964 4445 rubrica
977 4368 1132 4447 &succo
1145 4365 1401 4467 agrestiscucu·
