<?xml version="1.0" encoding="UTF-8"?>
<!DOCTYPE html PUBLIC "-//W3C//DTD XHTML 1.0 Transitional//EN"
    "http://www.w3.org/TR/xhtml1/DTD/xhtml1-transitional.dtd">
<html xmlns="http://www.w3.org/1999/xhtml" xml:lang="en" lang="en">
 <head>
  <title>
</title>
<meta http-equiv="Content-Type" content="text/html;charset=utf-8" />
  <meta name='ocr-system' content='tesseract 3.04.00' />
  <meta name='ocr-capabilities' content='ocr_page ocr_carea ocr_par ocr_line ocrx_word'/>
</head>
<body>
  <div class='ocr_page' id='page_1' title='image "./scriptoresreiru00gesngoog_0098.png"; bbox 0 0 3875 5759; ppageno 0'>
   <div class='ocr_carea' id='block_1_1' title="bbox 489 920 1357 1041">
    <p class='ocr_par' dir='ltr' id='par_1_1' title="bbox 489 920 1357 1041">
     <span class='ocr_line' id='line_1_1' title="bbox 489 920 1357 1041; baseline -0.014 -28"><span class='ocrx_word' id='word_1_1' title='bbox 489 920 536 1041; x_wconf 73' lang='lat'>90</span> <span class='ocrx_word' id='word_1_2' title='bbox 608 933 1357 1038; x_wconf 75' lang='grc' dir='ltr'><strong>Ριιιιυιιιιυτιιιι</strong></span> 
     </span>
    </p>
   </div>
   <div class='ocr_carea' id='block_1_2' title="bbox 390 1095 1498 4478">
    <p class='ocr_par' dir='ltr' id='par_1_2' title="bbox 390 1095 1498 4478">
     <span class='ocr_line' id='line_1_2' title="bbox 486 1095 1451 1194; baseline -0.002 -22"><span class='ocrx_word' id='word_1_3' title='bbox 486 1118 539 1172; x_wconf 90' lang='lat' dir='ltr'>ter</span> <span class='ocrx_word' id='word_1_4' title='bbox 555 1096 648 1194; x_wconf 83' lang='lat' dir='ltr'>piros</span> <span class='ocrx_word' id='word_1_5' title='bbox 662 1096 798 1194; x_wconf 85' lang='lat' dir='ltr'>triginta</span> <span class='ocrx_word' id='word_1_6' title='bbox 818 1097 943 1192; x_wconf 85' lang='lat' dir='ltr'>pedum</span> <span class='ocrx_word' id='word_1_7' title='bbox 963 1095 1114 1168; x_wconf 88' lang='lat' dir='ltr'>mensura</span> <span class='ocrx_word' id='word_1_8' title='bbox 1138 1095 1313 1169; x_wconf 87' lang='lat' dir='ltr'>discernat.</span> <span class='ocrx_word' id='word_1_9' title='bbox 1332 1098 1451 1170; x_wconf 87' lang='lat' dir='ltr'>Genus</span> 
     </span>
     <span class='ocr_line' id='line_1_3' title="bbox 486 1204 1452 1302; baseline 0 -23"><span class='ocrx_word' id='word_1_10' title='bbox 486 1208 556 1279; x_wconf 92' lang='lat' dir='ltr'>hoc</span> <span class='ocrx_word' id='word_1_11' title='bbox 578 1204 737 1294; x_wconf 88' lang='lat' dir='ltr'>arboris,</span> <span class='ocrx_word' id='word_1_12' title='bbox 760 1221 797 1276; x_wconf 92' lang='lat' dir='ltr'>ut</span> <span class='ocrx_word' id='word_1_13' title='bbox 821 1204 1005 1302; x_wconf 85' lang='lat' dir='ltr'>proficiat,</span> <span class='ocrx_word' id='word_1_14' title='bbox 1029 1204 1196 1301; x_wconf 87' lang='lat' dir='ltr'>frequenti</span> <span class='ocrx_word' id='word_1_15' title='bbox 1224 1207 1389 1295; x_wconf 86' lang='lat' dir='ltr'>humore,</span> <span class='ocrx_word' id='word_1_16' title='bbox 1413 1209 1452 1279; x_wconf 77' lang='grc' dir='ltr'>δι</span> 
     </span>
     <span class='ocr_line' id='line_1_4' title="bbox 390 1314 1453 1411; baseline 0.002 -28"><span class='ocrx_word' id='word_1_17' title='bbox 390 1359 396 1383; x_wconf 55' lang='lat' dir='ltr'>i</span> <span class='ocrx_word' id='word_1_18' title='bbox 487 1316 620 1389; x_wconf 85' lang='lat' dir='ltr'>affiduis</span> <span class='ocrx_word' id='word_1_19' title='bbox 642 1314 844 1389; x_wconf 87' lang='lat' dir='ltr'>soffionibus</span> <span class='ocrx_word' id='word_1_20' title='bbox 867 1316 913 1389; x_wconf 91' lang='lat' dir='ltr'>est</span> <span class='ocrx_word' id='word_1_21' title='bbox 933 1316 1141 1405; x_wconf 88' lang='lat' dir='ltr'>colendum,</span> <span class='ocrx_word' id='word_1_22' title='bbox 1162 1317 1391 1411; x_wconf 87' lang='lat' dir='ltr'>usqueadeo,</span> <span class='ocrx_word' id='word_1_23' title='bbox 1415 1331 1453 1385; x_wconf 91' lang='lat' dir='ltr'>ut</span> 
     </span>
     <span class='ocr_line' id='line_1_5' title="bbox 486 1423 1451 1523; baseline -0.004 -26"><span class='ocrx_word' id='word_1_24' title='bbox 486 1442 664 1519; x_wconf 86' lang='lat' dir='ltr'>ternpore,</span> <span class='ocrx_word' id='word_1_25' title='bbox 693 1449 764 1523; x_wconf 91' lang='lat' dir='ltr'>quo</span> <span class='ocrx_word' id='word_1_26' title='bbox 794 1423 918 1498; x_wconf 86' lang='lat' dir='ltr'>florere</span> <span class='ocrx_word' id='word_1_27' title='bbox 946 1423 1153 1514; x_wconf 88' lang='lat' dir='ltr'>consuevit,</span> <span class='ocrx_word' id='word_1_28' title='bbox 1175 1424 1258 1496; x_wconf 88' lang='lat' dir='ltr'>nihil</span> <span class='ocrx_word' id='word_1_29' title='bbox 1286 1423 1451 1517; x_wconf 83' lang='lat' dir='ltr'>perditura</span> 
     </span>
     <span class='ocr_line' id='line_1_6' title="bbox 485 1523 1450 1628; baseline -0.004 -22"><span class='ocrx_word' id='word_1_30' title='bbox 485 1523 640 1607; x_wconf 86' lang='lat' dir='ltr'>credatur</span> <span class='ocrx_word' id='word_1_31' title='bbox 655 1533 696 1605; x_wconf 91' lang='lat' dir='ltr'>de</span> <span class='ocrx_word' id='word_1_32' title='bbox 709 1532 795 1606; x_wconf 85' lang='lat' dir='ltr'>flore</span> <span class='ocrx_word' id='word_1_33' title='bbox 819 1532 977 1628; x_wconf 89' lang='lat' dir='ltr'>prolato,</span> <span class='ocrx_word' id='word_1_34' title='bbox 994 1533 1018 1605; x_wconf 85' lang='lat' dir='ltr'>si</span> <span class='ocrx_word' id='word_1_35' title='bbox 1040 1558 1111 1606; x_wconf 85' lang='lat' dir='ltr'>eam</span> <span class='ocrx_word' id='word_1_36' title='bbox 1130 1554 1212 1607; x_wconf 92' lang='lat' dir='ltr'>tunc</span> <span class='ocrx_word' id='word_1_37' title='bbox 1232 1531 1338 1606; x_wconf 82' lang='lat' dir='ltr'>fossor</span> <span class='ocrx_word' id='word_1_38' title='bbox 1352 1530 1450 1626; x_wconf 78' lang='lat' dir='ltr'>adju·</span> 
     </span>
     <span class='ocr_line' id='line_1_7' title="bbox 484 1633 1451 1740; baseline -0.004 -25"><span class='ocrx_word' id='word_1_39' title='bbox 484 1643 584 1717; x_wconf 90' lang='lat' dir='ltr'>verit.</span> <span class='ocrx_word' id='word_1_40' title='bbox 607 1644 754 1716; x_wconf 85' lang='lat' dir='ltr'>Multum</span> <span class='ocrx_word' id='word_1_41' title='bbox 768 1642 933 1740; x_wconf 73' lang='lat' dir='ltr'>proficis,</span> <span class='ocrx_word' id='word_1_42' title='bbox 948 1644 973 1715; x_wconf 81' lang='lat' dir='ltr'>sl</span> <span class='ocrx_word' id='word_1_43' title='bbox 993 1642 1169 1738; x_wconf 76' lang='lat' dir='ltr'>interjeslo</span> <span class='ocrx_word' id='word_1_44' title='bbox 1183 1633 1275 1716; x_wconf 83' lang='lat' dir='ltr'>antio</span> <span class='ocrx_word' id='word_1_45' title='bbox 1296 1643 1393 1738; x_wconf 88' lang='lat' dir='ltr'>quale</span> <span class='ocrx_word' id='word_1_46' title='bbox 1408 1640 1451 1711; x_wconf 91' lang='lat' dir='ltr'>li-</span> 
     </span>
     <span class='ocr_line' id='line_1_8' title="bbox 484 1752 1451 1853; baseline -0.002 -28"><span class='ocrx_word' id='word_1_47' title='bbox 484 1752 542 1826; x_wconf 89' lang='lat' dir='ltr'>bet</span> <span class='ocrx_word' id='word_1_48' title='bbox 557 1755 711 1827; x_wconf 87' lang='lat' dir='ltr'>laetamen</span> <span class='ocrx_word' id='word_1_49' title='bbox 725 1753 886 1853; x_wconf 83' lang='lat' dir='ltr'>adjungas</span> <span class='ocrx_word' id='word_1_50' title='bbox 900 1782 910 1827; x_wconf 78' lang='grc' dir='ltr'><strong><em>ε</em></strong></span> <span class='ocrx_word' id='word_1_51' title='bbox 925 1755 981 1827; x_wconf 92' lang='lat' dir='ltr'>sed</span> <span class='ocrx_word' id='word_1_52' title='bbox 994 1755 1156 1827; x_wconf 88' lang='lat' dir='ltr'>bubulum</span> <span class='ocrx_word' id='word_1_53' title='bbox 1172 1753 1266 1849; x_wconf 80' lang='lat' dir='ltr'>spissa</span> <span class='ocrx_word' id='word_1_54' title='bbox 1282 1752 1451 1846; x_wconf 78' lang='lat' dir='ltr'>&amp;gravia</span> 
     </span>
     <span class='ocr_line' id='line_1_9' title="bbox 483 1859 1451 1961; baseline -0.009 -25"><span class='ocrx_word' id='word_1_55' title='bbox 483 1886 585 1957; x_wconf 88' lang='lat' dir='ltr'>poma</span> <span class='ocrx_word' id='word_1_56' title='bbox 606 1887 766 1960; x_wconf 89' lang='lat' dir='ltr'>generare</span> <span class='ocrx_word' id='word_1_57' title='bbox 787 1859 947 1961; x_wconf 68' lang='lat' dir='ltr'>[fertur]</span> <span class='ocrx_word' id='word_1_58' title='bbox 974 1862 1089 1960; x_wconf 81' lang='lat' dir='ltr'>Aliqui</span> <span class='ocrx_word' id='word_1_59' title='bbox 1118 1860 1264 1937; x_wconf 89' lang='lat' dir='ltr'>cinerem</span> <span class='ocrx_word' id='word_1_60' title='bbox 1289 1860 1451 1947; x_wconf 87' lang='lat' dir='ltr'>miscent,</span> 
     </span>
     <span class='ocr_line' id='line_1_10' title="bbox 453 1968 1448 2068; baseline -0.006 -25"><span class='ocrx_word' id='word_1_61' title='bbox 453 2051 457 2066; x_wconf 33' lang='grc'>1</span> <span class='ocrx_word' id='word_1_62' title='bbox 484 1972 654 2052; x_wconf 85' lang='lat' dir='ltr'>credentes</span> <span class='ocrx_word' id='word_1_63' title='bbox 669 1973 749 2045; x_wconf 91' lang='lat' dir='ltr'>hinc</span> <span class='ocrx_word' id='word_1_64' title='bbox 763 1973 923 2045; x_wconf 92' lang='lat' dir='ltr'>contrahi</span> <span class='ocrx_word' id='word_1_65' title='bbox 936 1972 1049 2068; x_wconf 89' lang='lat' dir='ltr'>pomis</span> <span class='ocrx_word' id='word_1_66' title='bbox 1069 1983 1205 2068; x_wconf 80' lang='lat' dir='ltr'>argutos</span> <span class='ocrx_word' id='word_1_67' title='bbox 1220 1968 1361 2065; x_wconf 84' lang='lat' dir='ltr'>sapores.</span> <span class='ocrx_word' id='word_1_68' title='bbox 1376 1971 1448 2039; x_wconf 91' lang='lat' dir='ltr'>Ge·</span> 
     </span>
     <span class='ocr_line' id='line_1_11' title="bbox 485 2079 1449 2176; baseline -0.002 -25"><span class='ocrx_word' id='word_1_69' title='bbox 485 2105 604 2152; x_wconf 88' lang='lat' dir='ltr'>nerum</span> <span class='ocrx_word' id='word_1_70' title='bbox 627 2079 808 2153; x_wconf 86' lang='lat' dir='ltr'>varietates</span> <span class='ocrx_word' id='word_1_71' title='bbox 825 2081 961 2176; x_wconf 85' lang='lat' dir='ltr'>exsequi</span> <span class='ocrx_word' id='word_1_72' title='bbox 987 2082 1230 2175; x_wconf 88' lang='lat' dir='ltr'>supervacuum</span> <span class='ocrx_word' id='word_1_73' title='bbox 1249 2098 1355 2173; x_wconf 88' lang='lat' dir='ltr'>puto,</span> <span class='ocrx_word' id='word_1_74' title='bbox 1371 2103 1449 2149; x_wconf 87' lang='lat' dir='ltr'>etun</span> 
     </span>
     <span class='ocr_line' id='line_1_12' title="bbox 481 2188 1447 2286; baseline -0.001 -25"><span class='ocrx_word' id='word_1_75' title='bbox 481 2189 520 2272; x_wconf 86' lang='lat' dir='ltr'>¹in</span> <span class='ocrx_word' id='word_1_76' title='bbox 544 2191 713 2286; x_wconf 87' lang='lat' dir='ltr'>ponendis</span> <span class='ocrx_word' id='word_1_77' title='bbox 738 2191 795 2263; x_wconf 85' lang='lat' dir='ltr'>vel</span> <span class='ocrx_word' id='word_1_78' title='bbox 819 2191 1017 2264; x_wconf 84' lang='lat' dir='ltr'>excolendis</span> <span class='ocrx_word' id='word_1_79' title='bbox 1042 2192 1133 2264; x_wconf 91' lang='lat' dir='ltr'>nulla</span> <span class='ocrx_word' id='word_1_80' title='bbox 1158 2191 1197 2262; x_wconf 89' lang='lat' dir='ltr'>stt</span> <span class='ocrx_word' id='word_1_81' title='bbox 1224 2189 1386 2262; x_wconf 80' lang='lat' dir='ltr'>distantia.</span> <span class='ocrx_word' id='word_1_82' title='bbox 1413 2188 1447 2260; x_wconf 85' lang='lat' dir='ltr'>si</span> 
     </span>
     <span class='ocr_line' id='line_1_13' title="bbox 484 2299 1451 2396; baseline 0.003 -27"><span class='ocrx_word' id='word_1_83' title='bbox 484 2299 639 2395; x_wconf 84' lang='lat' dir='ltr'>languida</span> <span class='ocrx_word' id='word_1_84' title='bbox 657 2300 759 2372; x_wconf 91' lang='lat' dir='ltr'>arbor</span> <span class='ocrx_word' id='word_1_85' title='bbox 773 2300 819 2372; x_wconf 86' lang='lat' dir='ltr'>est</span> <span class='ocrx_word' id='word_1_86' title='bbox 838 2299 921 2396; x_wconf 90' lang='lat' dir='ltr'>piri,</span> <span class='ocrx_word' id='word_1_87' title='bbox 936 2301 994 2371; x_wconf 87' lang='lat' dir='ltr'>vel</span> <span class='ocrx_word' id='word_1_88' title='bbox 1017 2300 1221 2395; x_wconf 76' lang='lat' dir='ltr'>ablaqueatae</span> <span class='ocrx_word' id='word_1_89' title='bbox 1240 2299 1384 2372; x_wconf 90' lang='lat' dir='ltr'>radicem</span> <span class='ocrx_word' id='word_1_90' title='bbox 1401 2318 1451 2372; x_wconf 89' lang='lat' dir='ltr'>te·</span> 
     </span>
     <span class='ocr_line' id='line_1_14' title="bbox 483 2409 1450 2508; baseline -0.004 -25"><span class='ocrx_word' id='word_1_91' title='bbox 483 2411 595 2483; x_wconf 82' lang='lat' dir='ltr'>tebras</span> <span class='ocrx_word' id='word_1_92' title='bbox 604 2414 667 2499; x_wconf 65' lang='grc' dir='ltr'>,δι</span> <span class='ocrx_word' id='word_1_93' title='bbox 680 2411 726 2484; x_wconf 92' lang='lat' dir='ltr'>ibi</span> <span class='ocrx_word' id='word_1_94' title='bbox 746 2410 894 2508; x_wconf 87' lang='lat' dir='ltr'>ligneum</span> <span class='ocrx_word' id='word_1_95' title='bbox 909 2411 1022 2506; x_wconf 79' lang='lat' dir='ltr'>palum</span> <span class='ocrx_word' id='word_1_96' title='bbox 1037 2409 1217 2504; x_wconf 84' lang='lat' dir='ltr'>deprimis,</span> <span class='ocrx_word' id='word_1_97' title='bbox 1235 2411 1290 2481; x_wconf 90' lang='lat' dir='ltr'>vel</span> <span class='ocrx_word' id='word_1_98' title='bbox 1305 2411 1341 2481; x_wconf 92' lang='lat' dir='ltr'>in</span> <span class='ocrx_word' id='word_1_99' title='bbox 1354 2429 1450 2481; x_wconf 88' lang='lat' dir='ltr'>trun-</span> 
     </span>
     <span class='ocr_line' id='line_1_15' title="bbox 484 2517 1449 2618; baseline -0.005 -24"><span class='ocrx_word' id='word_1_100' title='bbox 484 2545 528 2594; x_wconf 93' lang='lat' dir='ltr'>co</span> <span class='ocrx_word' id='word_1_101' title='bbox 540 2519 699 2594; x_wconf 81' lang='lat' dir='ltr'>similiter</span> <span class='ocrx_word' id='word_1_102' title='bbox 714 2522 884 2594; x_wconf 85' lang='lat' dir='ltr'>terebrato</span> <span class='ocrx_word' id='word_1_103' title='bbox 900 2547 943 2593; x_wconf 86' lang='lat' dir='ltr'>ex</span> <span class='ocrx_word' id='word_1_104' title='bbox 963 2520 1049 2592; x_wconf 84' lang='lat' dir='ltr'>taeda</span> <span class='ocrx_word' id='word_1_105' title='bbox 1071 2543 1212 2592; x_wconf 87' lang='lat' dir='ltr'>cuneum</span> <span class='ocrx_word' id='word_1_106' title='bbox 1227 2517 1323 2618; x_wconf 83' lang='lat' dir='ltr'>sigis,</span> <span class='ocrx_word' id='word_1_107' title='bbox 1338 2518 1449 2607; x_wconf 81' lang='lat' dir='ltr'>vel,s1</span> 
     </span>
     <span class='ocr_line' id='line_1_16' title="bbox 483 2614 1450 2729; baseline 0 -30"><span class='ocrx_word' id='word_1_108' title='bbox 483 2628 551 2704; x_wconf 92' lang='lat' dir='ltr'>hoc</span> <span class='ocrx_word' id='word_1_109' title='bbox 565 2619 674 2721; x_wconf 82' lang='lat' dir='ltr'>desit,</span> <span class='ocrx_word' id='word_1_110' title='bbox 689 2657 730 2704; x_wconf 84' lang='lat' dir='ltr'>ex</span> <span class='ocrx_word' id='word_1_111' title='bbox 753 2614 893 2729; x_wconf 83' lang='lat' dir='ltr'>quercu.</span> <span class='ocrx_word' id='word_1_112' title='bbox 913 2634 947 2701; x_wconf 84' lang='lat' dir='ltr'>V</span> <span class='ocrx_word' id='word_1_113' title='bbox 948 2654 1055 2702; x_wconf 83' lang='lat' dir='ltr'>ermes</span> <span class='ocrx_word' id='word_1_114' title='bbox 1074 2626 1145 2723; x_wconf 82' lang='lat' dir='ltr'>ejus</span> <span class='ocrx_word' id='word_1_115' title='bbox 1164 2629 1294 2700; x_wconf 87' lang='lat' dir='ltr'>arboris</span> <span class='ocrx_word' id='word_1_116' title='bbox 1316 2632 1353 2702; x_wconf 93' lang='lat'>&amp;</span> <span class='ocrx_word' id='word_1_117' title='bbox 1372 2627 1450 2699; x_wconf 85' lang='lat' dir='ltr'>nati</span> 
     </span>
     <span class='ocr_line' id='line_1_17' title="bbox 482 2737 1498 2838; baseline -0.009 -27"><span class='ocrx_word' id='word_1_118' title='bbox 482 2760 667 2829; x_wconf 80' lang='lat' dir='ltr'>necantur,</span> <span class='ocrx_word' id='word_1_119' title='bbox 682 2742 720 2816; x_wconf 78' lang='grc' dir='ltr'>δι</span> <span class='ocrx_word' id='word_1_120' title='bbox 742 2740 830 2814; x_wconf 87' lang='lat' dir='ltr'>nasci</span> <span class='ocrx_word' id='word_1_121' title='bbox 850 2740 1078 2838; x_wconf 76' lang='lat' dir='ltr'>prohibentur</span> <span class='ocrx_word' id='word_1_122' title='bbox 1095 2739 1264 2821; x_wconf 77' lang='lat' dir='ltr'>radicibus</span> <span class='ocrx_word' id='word_1_123' title='bbox 1280 2737 1357 2808; x_wconf 88' lang='lat' dir='ltr'>selle</span> <span class='ocrx_word' id='word_1_124' title='bbox 1373 2755 1450 2807; x_wconf 86' lang='lat' dir='ltr'>tau·</span> <span class='ocrx_word' id='word_1_125' title='bbox 1492 2795 1498 2802; x_wconf 23' lang='grc' dir='ltr'><strong>ι</strong></span> 
     </span>
     <span class='ocr_line' id='line_1_18' title="bbox 481 2846 1449 2952; baseline -0.003 -31"><span class='ocrx_word' id='word_1_126' title='bbox 481 2846 562 2921; x_wconf 91' lang='lat' dir='ltr'>rino</span> <span class='ocrx_word' id='word_1_127' title='bbox 580 2847 776 2952; x_wconf 83' lang='lat' dir='ltr'>frequenter</span> <span class='ocrx_word' id='word_1_128' title='bbox 796 2850 922 2924; x_wconf 81' lang='lat' dir='ltr'>infusis.</span> <span class='ocrx_word' id='word_1_129' title='bbox 938 2849 1034 2923; x_wconf 78' lang='lat' dir='ltr'>ltem‘</span> <span class='ocrx_word' id='word_1_130' title='bbox 1045 2848 1144 2923; x_wconf 82' lang='lat' dir='ltr'>saeces</span> <span class='ocrx_word' id='word_1_131' title='bbox 1166 2848 1238 2920; x_wconf 92' lang='lat' dir='ltr'>vini</span> <span class='ocrx_word' id='word_1_132' title='bbox 1254 2846 1377 2919; x_wconf 90' lang='lat' dir='ltr'>veteris</span> <span class='ocrx_word' id='word_1_133' title='bbox 1394 2872 1449 2918; x_wconf 90' lang='lat' dir='ltr'>te·</span> 
     </span>
     <span class='ocr_line' id='line_1_19' title="bbox 482 2956 1451 3050; baseline -0.005 -20"><span class='ocrx_word' id='word_1_134' title='bbox 482 2958 655 3045; x_wconf 87' lang='lat' dir='ltr'>centes,si</span> <span class='ocrx_word' id='word_1_135' title='bbox 678 2958 848 3042; x_wconf 85' lang='lat' dir='ltr'>radicibus</span> <span class='ocrx_word' id='word_1_136' title='bbox 863 2956 1078 3028; x_wconf 82' lang='lat' dir='ltr'>offundantur</span> <span class='ocrx_word' id='word_1_137' title='bbox 1102 2980 1162 3050; x_wconf 89' lang='lat' dir='ltr'>per</span> <span class='ocrx_word' id='word_1_138' title='bbox 1183 2956 1351 3041; x_wconf 87' lang='lat' dir='ltr'>triduum,</span> <span class='ocrx_word' id='word_1_139' title='bbox 1375 2956 1451 3026; x_wconf 88' lang='lat' dir='ltr'>diu·</span> 
     </span>
     <span class='ocr_line' id='line_1_20' title="bbox 481 3060 1449 3161; baseline 0.001 -25"><span class='ocrx_word' id='word_1_140' title='bbox 481 3064 549 3137; x_wconf 81' lang='lat' dir='ltr'>tius</span> <span class='ocrx_word' id='word_1_141' title='bbox 572 3062 764 3161; x_wconf 83' lang='lat' dir='ltr'>[arbores]</span> <span class='ocrx_word' id='word_1_142' title='bbox 782 3061 817 3133; x_wconf 90' lang='lat' dir='ltr'>in</span> <span class='ocrx_word' id='word_1_143' title='bbox 831 3060 973 3134; x_wconf 86' lang='lat' dir='ltr'>floribus</span> <span class='ocrx_word' id='word_1_144' title='bbox 995 3065 1149 3135; x_wconf 87' lang='lat' dir='ltr'>laborare</span> <span class='ocrx_word' id='word_1_145' title='bbox 1167 3088 1238 3134; x_wconf 89' lang='lat' dir='ltr'>non</span> <span class='ocrx_word' id='word_1_146' title='bbox 1253 3065 1390 3152; x_wconf 68' lang='lat' dir='ltr'>sapiunt.</span> <span class='ocrx_word' id='word_1_147' title='bbox 1413 3064 1449 3137; x_wconf 83' lang='lat' dir='ltr'>Si</span> 
     </span>
     <span class='ocr_line' id='line_1_21' title="bbox 481 3168 1451 3267; baseline 0.003 -25"><span class='ocrx_word' id='word_1_148' title='bbox 481 3171 633 3267; x_wconf 87' lang='lat' dir='ltr'>lapidosa</span> <span class='ocrx_word' id='word_1_149' title='bbox 641 3171 732 3267; x_wconf 88' lang='lat' dir='ltr'>pirus</span> <span class='ocrx_word' id='word_1_150' title='bbox 745 3170 809 3260; x_wconf 86' lang='lat' dir='ltr'>est,</span> <span class='ocrx_word' id='word_1_151' title='bbox 821 3171 862 3242; x_wconf 86' lang='lat' dir='ltr'>ab</span> <span class='ocrx_word' id='word_1_152' title='bbox 875 3170 1033 3245; x_wconf 82' lang='lat' dir='ltr'>extremis</span> <span class='ocrx_word' id='word_1_153' title='bbox 1044 3168 1210 3242; x_wconf 86' lang='lat' dir='ltr'>radicibus</span> <span class='ocrx_word' id='word_1_154' title='bbox 1223 3190 1343 3242; x_wconf 83' lang='lat' dir='ltr'>terrant</span> <span class='ocrx_word' id='word_1_155' title='bbox 1358 3174 1451 3265; x_wconf 87' lang='lat' dir='ltr'>prio·</span> 
     </span>
     <span class='ocr_line' id='line_1_22' title="bbox 482 3279 1450 3376; baseline 0.001 -24"><span class='ocrx_word' id='word_1_156' title='bbox 482 3297 555 3355; x_wconf 87' lang='lat' dir='ltr'>rern</span> <span class='ocrx_word' id='word_1_157' title='bbox 577 3281 727 3371; x_wconf 76' lang='lat' dir='ltr'>levabiS,</span> <span class='ocrx_word' id='word_1_158' title='bbox 742 3285 781 3355; x_wconf 79' lang='grc' dir='ltr'>δι</span> <span class='ocrx_word' id='word_1_159' title='bbox 792 3279 942 3355; x_wconf 87' lang='lat' dir='ltr'>secernes</span> <span class='ocrx_word' id='word_1_160' title='bbox 956 3302 1076 3353; x_wconf 86' lang='lat' dir='ltr'>ornnes</span> <span class='ocrx_word' id='word_1_161' title='bbox 1089 3279 1220 3375; x_wconf 81' lang='lat' dir='ltr'>lapillos</span> <span class='ocrx_word' id='word_1_162' title='bbox 1233 3304 1245 3366; x_wconf 91' lang='lat'>;</span> <span class='ocrx_word' id='word_1_163' title='bbox 1259 3281 1381 3376; x_wconf 92' lang='lat' dir='ltr'>quibus</span> <span class='ocrx_word' id='word_1_164' title='bbox 1396 3282 1450 3353; x_wconf 90' lang='lat' dir='ltr'>di-</span> 
     </span>
     <span class='ocr_line' id='line_1_23' title="bbox 482 3390 1450 3489; baseline 0.001 -26"><span class='ocrx_word' id='word_1_165' title='bbox 482 3390 625 3489; x_wconf 84' lang='lat' dir='ltr'>ligenter</span> <span class='ocrx_word' id='word_1_166' title='bbox 638 3392 803 3483; x_wconf 89' lang='lat' dir='ltr'>remotis,</span> <span class='ocrx_word' id='word_1_167' title='bbox 827 3394 963 3466; x_wconf 86' lang='lat' dir='ltr'>alteram</span> <span class='ocrx_word' id='word_1_168' title='bbox 981 3409 1104 3467; x_wconf 85' lang='lat' dir='ltr'>tetram</span> <span class='ocrx_word' id='word_1_169' title='bbox 1123 3391 1237 3465; x_wconf 92' lang='lat' dir='ltr'>cribro</span> <span class='ocrx_word' id='word_1_170' title='bbox 1264 3411 1386 3464; x_wconf 86' lang='lat' dir='ltr'>cretam</span> <span class='ocrx_word' id='word_1_171' title='bbox 1413 3393 1450 3465; x_wconf 93' lang='lat' dir='ltr'>in</span> 
     </span>
     <span class='ocr_line' id='line_1_24' title="bbox 478 3498 1448 3598; baseline -0.001 -22"><span class='ocrx_word' id='word_1_172' title='bbox 478 3500 565 3576; x_wconf 90' lang='lat' dir='ltr'>loco</span> <span class='ocrx_word' id='word_1_173' title='bbox 584 3500 654 3594; x_wconf 80' lang='lat' dir='ltr'>ejus</span> <span class='ocrx_word' id='word_1_174' title='bbox 669 3498 840 3575; x_wconf 87' lang='lat' dir='ltr'>infundes.</span> <span class='ocrx_word' id='word_1_175' title='bbox 858 3499 913 3573; x_wconf 90' lang='lat' dir='ltr'>sed</span> <span class='ocrx_word' id='word_1_176' title='bbox 927 3502 997 3575; x_wconf 92' lang='lat' dir='ltr'>hoc</span> <span class='ocrx_word' id='word_1_177' title='bbox 1011 3499 1185 3595; x_wconf 87' lang='lat' dir='ltr'>proderit,</span> <span class='ocrx_word' id='word_1_178' title='bbox 1203 3500 1225 3573; x_wconf 82' lang='lat' dir='ltr'>si</span> <span class='ocrx_word' id='word_1_179' title='bbox 1246 3501 1354 3598; x_wconf 84' lang='lat' dir='ltr'>rigate</span> <span class='ocrx_word' id='word_1_180' title='bbox 1376 3528 1448 3575; x_wconf 86' lang='lat' dir='ltr'>nott</span> 
     </span>
     <span class='ocr_line' id='line_1_25' title="bbox 483 3597 1450 3707; baseline 0.001 -26"><span class='ocrx_word' id='word_1_181' title='bbox 483 3609 596 3683; x_wconf 86' lang='lat' dir='ltr'>celles.</span> <span class='ocrx_word' id='word_1_182' title='bbox 621 3610 735 3683; x_wconf 88' lang='lat' dir='ltr'>Mense</span> <span class='ocrx_word' id='word_1_183' title='bbox 753 3609 936 3684; x_wconf 89' lang='lat' dir='ltr'>Februario</span> <span class='ocrx_word' id='word_1_184' title='bbox 950 3613 989 3686; x_wconf 80' lang='grc' dir='ltr'>δι</span> <span class='ocrx_word' id='word_1_185' title='bbox 1010 3597 1147 3684; x_wconf 74' lang='lat' dir='ltr'>Marsin-</span> <span class='ocrx_word' id='word_1_186' title='bbox 1159 3610 1252 3707; x_wconf 90' lang='lat' dir='ltr'>pirus</span> <span class='ocrx_word' id='word_1_187' title='bbox 1267 3611 1450 3702; x_wconf 88' lang='lat' dir='ltr'>inseritur,</span> 
     </span>
     <span class='ocr_line' id='line_1_26' title="bbox 483 3720 1448 3818; baseline 0 -25"><span class='ocrx_word' id='word_1_188' title='bbox 483 3744 600 3810; x_wconf 86' lang='lat' dir='ltr'>more,</span> <span class='ocrx_word' id='word_1_189' title='bbox 621 3745 693 3818; x_wconf 94' lang='lat' dir='ltr'>quo</span> <span class='ocrx_word' id='word_1_190' title='bbox 713 3720 838 3793; x_wconf 74' lang='lat' dir='ltr'>diuum</span> <span class='ocrx_word' id='word_1_191' title='bbox 859 3720 929 3811; x_wconf 82' lang='lat' dir='ltr'>esl,</span> <span class='ocrx_word' id='word_1_192' title='bbox 944 3747 1021 3794; x_wconf 90' lang='lat' dir='ltr'>cum</span> <span class='ocrx_word' id='word_1_193' title='bbox 1049 3722 1090 3794; x_wconf 87' lang='lat' dir='ltr'>de</span> <span class='ocrx_word' id='word_1_194' title='bbox 1112 3721 1269 3795; x_wconf 85' lang='lat' dir='ltr'>infirione</span> <span class='ocrx_word' id='word_1_195' title='bbox 1288 3723 1448 3818; x_wconf 90' lang='lat' dir='ltr'>loquere·</span> 
     </span>
     <span class='ocr_line' id='line_1_27' title="bbox 482 3827 1449 3923; baseline 0.004 -24"><span class='ocrx_word' id='word_1_196' title='bbox 482 3854 577 3917; x_wconf 91' lang='lat' dir='ltr'>rnur,</span> <span class='ocrx_word' id='word_1_197' title='bbox 592 3828 653 3901; x_wconf 94' lang='lat' dir='ltr'>sub</span> <span class='ocrx_word' id='word_1_198' title='bbox 667 3827 816 3917; x_wconf 89' lang='lat' dir='ltr'>cortice,</span> <span class='ocrx_word' id='word_1_199' title='bbox 831 3830 868 3901; x_wconf 78' lang='grc' dir='ltr'>δι</span> <span class='ocrx_word' id='word_1_200' title='bbox 881 3828 915 3900; x_wconf 90' lang='lat' dir='ltr'>in</span> <span class='ocrx_word' id='word_1_201' title='bbox 931 3848 1067 3903; x_wconf 89' lang='lat' dir='ltr'>trunco.</span> <span class='ocrx_word' id='word_1_202' title='bbox 1079 3829 1234 3904; x_wconf 86' lang='lat' dir='ltr'>Inseritur</span> <span class='ocrx_word' id='word_1_203' title='bbox 1245 3850 1354 3905; x_wconf 93' lang='lat' dir='ltr'>autern</span> <span class='ocrx_word' id='word_1_204' title='bbox 1369 3830 1449 3923; x_wconf 87' lang='lat' dir='ltr'>piro</span> 
     </span>
     <span class='ocr_line' id='line_1_28' title="bbox 483 3936 1449 4037; baseline 0.003 -27"><span class='ocrx_word' id='word_1_205' title='bbox 483 3936 624 4036; x_wconf 85' lang='lat' dir='ltr'>agresti,</span> <span class='ocrx_word' id='word_1_206' title='bbox 638 3936 748 4023; x_wconf 85' lang='lat' dir='ltr'>malo;</span> <span class='ocrx_word' id='word_1_207' title='bbox 758 3956 800 4016; x_wconf 80' lang='lat' dir='ltr'>¹ut</span> <span class='ocrx_word' id='word_1_208' title='bbox 822 3938 1006 4027; x_wconf 88' lang='lat' dir='ltr'>nonnulli,</span> <span class='ocrx_word' id='word_1_209' title='bbox 1020 3940 1203 4037; x_wconf 78' lang='lat' dir='ltr'>amygdalo</span> <span class='ocrx_word' id='word_1_210' title='bbox 1218 3943 1254 4026; x_wconf 70' lang='grc' dir='ltr'>δι</span> <span class='ocrx_word' id='word_1_211' title='bbox 1269 3938 1388 4035; x_wconf 88' lang='lat' dir='ltr'>spino;</span> <span class='ocrx_word' id='word_1_212' title='bbox 1410 3959 1449 4013; x_wconf 95' lang='lat' dir='ltr'>ut</span> 
     </span>
     <span class='ocr_line' id='line_1_29' title="bbox 482 4042 1487 4147; baseline 0.002 -29"><span class='ocrx_word' id='word_1_213' title='bbox 482 4047 666 4144; x_wconf 87' lang='lat' dir='ltr'>Virgilius,</span> <span class='ocrx_word' id='word_1_214' title='bbox 683 4070 773 4117; x_wconf 89' lang='lat' dir='ltr'>orno</span> <span class='ocrx_word' id='word_1_215' title='bbox 789 4048 827 4119; x_wconf 89' lang='lat'>&amp;</span> <span class='ocrx_word' id='word_1_216' title='bbox 841 4045 998 4137; x_wconf 83' lang='lat' dir='ltr'>fraxino,</span> <span class='ocrx_word' id='word_1_217' title='bbox 1013 4051 1052 4122; x_wconf 89' lang='lat'>&amp;</span> <span class='ocrx_word' id='word_1_218' title='bbox 1070 4048 1223 4147; x_wconf 92' lang='lat' dir='ltr'>cydonio</span> <span class='ocrx_word' id='word_1_219' title='bbox 1236 4073 1251 4133; x_wconf 85' lang='lat'>·,</span> <span class='ocrx_word' id='word_1_220' title='bbox 1266 4066 1303 4120; x_wconf 93' lang='lat' dir='ltr'>ut</span> <span class='ocrx_word' id='word_1_221' title='bbox 1320 4048 1448 4145; x_wconf 90' lang='lat' dir='ltr'>aliqui,</span> <span class='ocrx_word' id='word_1_222' title='bbox 1485 4042 1487 4046; x_wconf 54' lang='grc'>’</span> 
     </span>
     <span class='ocr_line' id='line_1_30' title="bbox 484 4154 1447 4254; baseline 0.001 -27"><span class='ocrx_word' id='word_1_223' title='bbox 484 4155 668 4229; x_wconf 84' lang='lat' dir='ltr'>&amp;Punico</span> <span class='ocrx_word' id='word_1_224' title='bbox 683 4208 694 4243; x_wconf 96' lang='lat'>,</span> <span class='ocrx_word' id='word_1_225' title='bbox 718 4155 773 4226; x_wconf 86' lang='lat' dir='ltr'>sed</span> <span class='ocrx_word' id='word_1_226' title='bbox 785 4154 859 4228; x_wconf 82' lang='lat' dir='ltr'>fillo</span> <span class='ocrx_word' id='word_1_227' title='bbox 880 4156 986 4254; x_wconf 85' lang='lat' dir='ltr'>ligno.</span> <span class='ocrx_word' id='word_1_228' title='bbox 1003 4159 1165 4244; x_wconf 86' lang='lat' dir='ltr'>Surculus</span> <span class='ocrx_word' id='word_1_229' title='bbox 1181 4157 1263 4253; x_wconf 86' lang='lat' dir='ltr'>piri,</span> <span class='ocrx_word' id='word_1_230' title='bbox 1279 4159 1337 4254; x_wconf 89' lang='lat' dir='ltr'>qui</span> <span class='ocrx_word' id='word_1_231' title='bbox 1360 4158 1416 4231; x_wconf 90' lang='lat' dir='ltr'>ins</span> <span class='ocrx_word' id='word_1_232' title='bbox 1430 4196 1447 4218; x_wconf 90' lang='lat'><strong>·</strong></span> 
     </span>
     <span class='ocr_line' id='line_1_31' title="bbox 476 4256 1446 4364; baseline 0.007 -33"><span class='ocrx_word' id='word_1_233' title='bbox 476 4256 571 4332; x_wconf 78' lang='lat' dir='ltr'>&#39;titur</span> <span class='ocrx_word' id='word_1_234' title='bbox 585 4284 662 4336; x_wconf 87' lang='lat' dir='ltr'>ante</span> <span class='ocrx_word' id='word_1_235' title='bbox 677 4263 853 4337; x_wconf 87' lang='lat' dir='ltr'>solstitium</span> <span class='ocrx_word' id='word_1_236' title='bbox 865 4314 876 4351; x_wconf 89' lang='lat'>,</span> <span class='ocrx_word' id='word_1_237' title='bbox 887 4265 1064 4339; x_wconf 89' lang='lat' dir='ltr'>anniculus</span> <span class='ocrx_word' id='word_1_238' title='bbox 1077 4268 1275 4357; x_wconf 80' lang='lat' dir='ltr'>essedebet,</span> <span class='ocrx_word' id='word_1_239' title='bbox 1290 4272 1328 4342; x_wconf 90' lang='lat'>&amp;</span> <span class='ocrx_word' id='word_1_240' title='bbox 1338 4267 1446 4364; x_wconf 86' lang='lat' dir='ltr'>prius·</span> 
     </span>
     <span class='ocr_line' id='line_1_32' title="bbox 488 4373 1448 4478; baseline 0.008 -34"><span class='ocrx_word' id='word_1_241' title='bbox 488 4394 590 4468; x_wconf 86' lang='lat' dir='ltr'>quarn</span> <span class='ocrx_word' id='word_1_242' title='bbox 611 4373 755 4475; x_wconf 82' lang='lat' dir='ltr'>figatur,</span> <span class='ocrx_word' id='word_1_243' title='bbox 772 4374 864 4452; x_wconf 75' lang='lat' dir='ltr'>soliis</span> <span class='ocrx_word' id='word_1_244' title='bbox 885 4379 925 4453; x_wconf 74' lang='grc' dir='ltr'>δι</span> <span class='ocrx_word' id='word_1_245' title='bbox 942 4378 1043 4453; x_wconf 82' lang='lat' dir='ltr'>omni</span> <span class='ocrx_word' id='word_1_246' title='bbox 1056 4396 1172 4456; x_wconf 83' lang='lat' dir='ltr'>tenera</span> <span class='ocrx_word' id='word_1_247' title='bbox 1187 4403 1282 4478; x_wconf 87' lang='lat' dir='ltr'>parte</span> <span class='ocrx_word' id='word_1_248' title='bbox 1296 4378 1448 4478; x_wconf 84' lang='lat' dir='ltr'>privari:</span> 
     </span>
    </p>
   </div>
   <div class='ocr_carea' id='block_1_3' title="bbox 0 0 1942 5759">
    <p class='ocr_par' dir='ltr' id='par_1_3' title="bbox 0 0 1942 5759">
     <span class='ocr_line' id='line_1_33' title="bbox 0 0 1942 5759; baseline 0 2"><span class='ocrx_word' id='word_1_249' title='bbox 0 0 1942 5759; x_wconf 95' lang='lat' dir='ltr'> </span> 
     </span>
    </p>
   </div>
  </div>
 </body>
</html>
