3875 5759
585 881 653 985 508

626 1098 978 1179 TURNEBI
1021 1093 1107 1168 ET
1155 1092 1503 1183 Gtsussut

668 1213 683 1268 l

745 1259 755 1276 ’
803 1314 1039 1381 auuorrrto
1061 1283 1112 1388 ot
1131 1304 1348 1384 Tunttto'

799 1630 954 1720 Tumebt',
973 1656 1014 1703 cx.
1034 1630 1169 1723 Aduerfi
1189 1653 1260 1718 20,
1275 1641 1316 1725 7.'

579 1765 856 1914 Tolumni,
872 1847 944 1921 quo
967 1824 1056 1930 oleat
1080 1840 1254 1912 teruntur,
1276 1823 1327 1896 ita
1348 1841 1547 1922 ¹accommo-¹

577 1935 650 2008 dari
672 1934 828 2031 praecipit
846 1934 936 2006 Cato
960 1932 1069 2030 capite
1097 1958 1166 2020 22,
1191 1949 1228 2003 ut
1257 1930 1430 2004 statuatur
1449 1937 1486 2007 ad
1500 1934 1545 2008 li·5

489 2057 495 2080 ¹
576 2043 701 2120 bellam
723 2062 918 2138 aequatum,
933 2041 1075 2139 nequid
1095 2040 1239 2139 fastigii,
1256 2065 1300 2112 ne
1321 2042 1413 2137 quid
1431 2042 1541 2116 devexi
1588 2113 1592 2118 .

577 2150 725 2222 habeat:
748 2146 861 2220 sed'ut
885 2167 1021 2245 aequato
1047 2148 1110 2220 fitu
1140 2150 1178 2220 &
1200 2145 1349 2243 planitie.
1374 2149 1548 2243 perlibrata
1587 2143 1592 2204 Ι

577 2259 724 2354 positum
747 2254 797 2330 sn.
817 2254 852 2325 id
871 2254 985 2344 enim,
1001 2261 1112 2330 librare
1137 2280 1212 2329 curn
1234 2254 1342 2346 dicit,
1363 2255 1547 2353 intelligit:
1586 2211 1591 2354 i

576 2370 619 2442 ab
638 2369 735 2437 labris
759 2371 894 2457 digitum
916 2371 1080 2439 minimum
1104 2371 1204 2440 orbem
1229 2364 1328 2468 abff
1350 2368 1444 2442 vult.
1469 2371 1550 2440 orbis
1585 2357 1589 2370 ¹

578 2493 692 2549 autem
714 2472 806 2546 mola
824 2470 876 2545 eli¹
890 2472 1041 2564 olearia,
1063 2499 1129 2571 qua
1152 2476 1187 2547 in
1204 2494 1340 2578 trapeto
1365 2478 1445 2549 olea
1471 2476 1550 2549 teri·

578 2603 658 2655 tur:
681 2581 741 2679 qui
762 2582 809 2655 ita
829 2580 865 2652 in
886 2600 1053 2679 trapetum
1068 2608 1193 2660 cavum
1213 2583 1403 2656 convenire
1424 2584 1549 2676 debet,

578 2710 617 2765 ut
640 2691 730 2763 labra
746 2690 868 2784 trapeti
888 2715 966 2762 eum
993 2716 1065 2763 non
1089 2710 1227 2789 tangant
1250 2715 1317 2764 nec
1341 2692 1550 2781 terant‚sed

578 2800 623 2874 ab
635 2800 682 2873 eis
699 2800 840 2898 digitum
856 2798 1033 2871 minimum
1047 2802 1197 2898 undique
1210 2801 1301 2874 abfit.
1316 2806 1374 2875 Ab
1377 2806 1458 2900 folo
1472 2835 1548 2877 mor·
1605 2885 1609 2889 ,

579 2916 672 3001 rarii,
686 2915 770 2985 orbes
791 2937 893 2981 rovere
915 2933 1035 3003 oportet
1052 2915 1230 2980 mortarium
1250 2937 1288 2978 rte
1302 2932 1412 2981 terant
1422 2939 1435 2982 .·
1450 2932 1487 2983 ut
1500 2913 1547 2983 di·

530 3028 534 3036 '
578 3019 710 3108 ximus,
723 3022 765 3092 ab
782 3020 883 3093 labris
895 3019 997 3093 orbes
1010 3019 1116 3091 abelle
1129 3018 1248 3089 debere
1263 3022 1424 3093 mortarii
1438 3027 1476 3097 δι
1490 3043 1547 3094 tra·

578 3129 671 3223 peti,
691 3130 770 3199 item
792 3128 932 3199 abellea
955 3126 1065 3197 fundo
1078 3126 1211 3199 &solo
1232 3150 1291 3197 eos
1314 3151 1489 3223 oportet,
1510 3154 1546 3202 ne

578 3253 689 3305 terant
707 3233 777 3328 ejus
796 3234 947 3307 fundum.
961 3239 1048 3306 Inter
1057 3240 1178 3324 orbem,
1195 3234 1227 3308 d
1240 3240 1442 3330 miliarium,
1457 3269 1546 3313 unum

580 3350 716 3441 digitum
733 3342 864 3444 intercffo
885 3368 1013 3439 oportet.
1025 3348 1204 3417 Miliarium
1225 3369 1284 3416 vas
1303 3346 1349 3417 est
1369 3351 1545 3447 angustum

579 3454 620 3526 ὃ(
644 3455 856 3557 oblongum,
877 3454 965 3527 milii
990 3455 1135 3528 formant
1159 3454 1318 3529 referens.
1346 3453 1546 3530 subdebatur

579 3585 690 3642 autem
710 3567 810 3638 etiarn
825 3584 958 3663 trapeto
980 3566 1177 3649 miliarium,
1189 3565 1546 3661 tanquam-fulcimen·

579 3692 676 3762 tum,
696 3677 735 3748 δι
752 3675 788 3746 in
808 3699 852 3747 eo
871 3675 1050 3748 columella
1079 3675 1185 3747 ferrea
1210 3676 1298 3747 recta
1321 3674 1462 3767 stabat,
1485 3701 1545 3775 qua

578 3784 673 3855 mola
691 3783 891 3856 tenebatur:
909 3784 1006 3881 quod
1027 3782 1205 3856 miliarium
1225 3783 1270 3855 ita
1287 3787 1476 3879 temperari
1492 3811 1546 3859 ac·

579 3893 857 3990 commodatique
878 3893 1085 3989 oportebat,
1104 3911 1143 3963 ut
1165 3892 1258 3988 quod
1272 3891 1321 3963 ad
1333 3891 1546 3990 latitudinem

580 4000 722 4088 attinet,
735 4002 823 4072 inter
845 4001 963 4073 orbem
984 4000 1221 4075 &miliarium
1237 4024 1308 4074 non
1332 4003 1481 4099 amplius
1496 4002 1546 4075 di·

581 4110 686 4212 gitum
712 4111 886 4184 interesset.
907 4112 1042 4208 quodsi
1064 4111 1140 4205 plus
1160 4110 1545 4204 interellet,miliarium
1575 4175 1579 4210 2

581 4218 891 4316 constringebatur,
908 4224 946 4291 &
960 4220 995 4289 in
1019 4220 1145 4289 artium
1163 4219 1391 4291 adducebatur
1413 4220 1488 4315 ejus
1503 4225 1547 4293 la·'
1575 4233 1579 4248 '

542 4428 544 4432 v
583 4327 682 4403 xitas.
696 4334 743 4403 lta
765 4331 862 4426 operi
874 4331 983 4426 aptius
1000 4347 1070 4401 erat
1083 4331 1120 4404 δι
1135 4327 1272 4403 firmius.
1284 4328 1330 4401 ita
1342 4330 1439 4406 enim
1454 4330 1548 4433 quod
