3875 5759
535 851 609 953 ‘458
659 850 862 926 cincun
887 845 1036 921 utar.
1062 846 1203 922 cuna
1227 807 1387 923 anun·

537 1027 639 1097 cato,
654 1008 764 1105 qui&
778 1005 857 1078 trita
875 1021 994 1093 erunt,
1010 1007 1047 1079 δι
1059 1029 1136 1099 quae
1156 1004 1258 1077 soleta
1271 1058 1281 1093 ,
1293 1004 1407 1079 adice.
1422 1002 1512 1078 bitu-

536 1140 614 1191 men
628 1168 640 1205 ,
659 1112 762 1186 sulfur
775 1111 876 1208 nigro
895 1113 933 1184 δι
946 1111 992 1181 ita
1003 1110 1163 1198 infunde,
1177 1110 1233 1183 sed
1246 1112 1436 1208 diligenter
1450 1136 1515 1186 cod

537 1248 639 1322 ques,
657 1245 700 1295 ne
721 1219 870 1308 ferveat,
885 1218 939 1291 led
959 1222 1034 1292 lene
1055 1219 1123 1317 igni
1146 1221 1201 1293 vel
1221 1219 1440 1293 carbonibus
1456 1237 1515 1294 cai

537 1334 694 1421 lefacito,
704 1336 742 1406 δι
755 1330 910 1405 remobes
923 1332 964 1402 ab
978 1329 1068 1426 igne,
1084 1333 1122 1405 δι
1134 1330 1247 1415 colas,
1259 1356 1299 1404 ac
1313 1330 1514 1406 resolutum

538 1448 630 1546 prius
650 1464 748 1517 aceto
768 1442 974 1516 admiscebis.
997 1442 1075 1516 Hoc
1099 1440 1353 1514 medicamento
1382 1468 1514 1537 perun·-

410 1550 422 1574 “
538 1555 614 1653 guis
637 1551 788 1648 jumenta
815 1550 950 1624 alternis
976 1551 1094 1624 diebus
1115 1552 1188 1643 plus
1207 1550 1266 1647 [bis
1290 1573 1354 1647 aut
1381 1561 1513 1648 quater.
1589 1595 1593 1602 ·

538 1664 592 1738 Ad
608 1662 768 1758 pituitas,
787 1660 906 1735 aniscis
929 1687 1006 1734 unc.
1023 1681 1089 1747 111,
1111 1660 1282 1732 benetoris
1303 1659 1408 1736 dabis
1433 1689 1512 1735 cum
1583 1652 1586 1659 ’

538 1771 627 1843 vino
651 1770 838 1866 permixtos
865 1769 1011 1867 cyathos
1038 1791 1080 1841 vr
1101 1767 1142 1840 ad
1165 1792 1323 1843 cornum.
1358 1771 1415 1841 Ex
1441 1796 1513 1867 quo

538 1881 785 1954 medicamento
808 1878 907 1951 etiarn
921 1903 980 1976 per
996 1876 1153 1949 linillram
1174 1902 1291 1948 narem
1304 1878 1396 1952 duas
1417 1883 1512 1977 drag·

437 2049 446 2060 ,
509 1993 512 2004 ’
537 2014 607 2063 mas
625 1986 784 2063 infundis.
811 1990 893 2060 ltem
912 1987 1027 2059 aliud:
1046 1987 1208 2061 Stercoris
1226 1986 1373 2061 scrufini
1389 1992 1513 2085 pulve-

538 2122 610 2171 rem
624 2096 809 2172 contritum
824 2094 1065 2193 diligenterque
1079 2094 1257 2170 cribratum
1271 2094 1429 2169 studiose
1445 2098 1512 2170 ser·

538 2203 660 2292 vabls‚
678 2202 756 2275 utli
778 2204 918 2299 quando
931 2200 1086 2297 jumento
1104 2202 1225 2298 pituita
1245 2202 1399 2280 molesta
1420 2207 1510 2293 erit,

538 2337 583 2387 ex
609 2310 769 2385 confedo
795 2309 938 2404 pulvere
966 2335 1043 2385 cum
1072 2312 1157 2384 vino
1187 2311 1317 2396 veteri,
1339 2335 1510 2409 quantum

539 2419 677 2492 videtur
697 2416 788 2510 polle
809 2415 982 2500 sufficere,
996 2442 1055 2511 per
1075 2442 1219 2490 cornum
1236 2419 1388 2510 deicias,
1403 2426 1446 2496 &
1461 2422 1510 2495 sa·

539 2526 810 2602 nabitut-statim.
826 2524 860 2596 Si
881 2528 972 2621 quod
987 2523 1171 2617 jumentum
1196 2525 1383 2621 cujuslibet
1404 2557 1510 2629 gene·

539 2637 587 2711 ris
608 2634 827 2736 stranguriam
849 2636 993 2729 patitur,
1012 2634 1053 2707 de
1076 2635 1201 2709 sinislra
1223 2639 1358 2712 manica
1381 2642 1511 2716 tunicae

540 2745 735 2844 pediculum
757 2742 894 2823 eximis,
909 2767 1055 2839 eumque
1071 2744 1104 2815 in
1119 2770 1232 2817 aurem
1245 2747 1326 2844 equi
1342 2746 1508 2822 sinistram

541 2853 692 2929 conicies
704 2906 717 2941 ,
736 2851 905 2926 continuo
929 2851 1065 2925 latrabis.
1091 2852 1155 2922 Sed
1178 2877 1255 2924 curn
1283 2854 1355 2928 hoc
1379 2854 1505 2944 facies,

535 2964 735 3059 pediculum
757 2961 901 3036 omnino
925 2986 997 3031 non
1014 2961 1177 3033 nomines.
1201 2962 1236 3033 Si
1257 2965 1360 3058 quod
1372 2965 1504 3057 jumen·

540 3089 611 3142 tunt
638 3094 711 3141 mus
737 3093 873 3142 coecum
901 3068 1090 3157 morderit,
1114 3089 1244 3143 acetum
1271 3096 1394 3145 acrum
1421 3076 1505 3147 bene

540 3202 617 3250 curn
638 3176 747 3248 orbita
762 3175 959 3262 infundito,
978 3179 1015 3248 δι
1028 3203 1103 3250 cunt
1128 3179 1248 3276 subigis
1271 3184 1310 3253 δι
1331 3182 1381 3257 src
1394 3184 1503 3277 tollis,

526 3284 578 3358 ⁸&
598 3284 677 3356 inde
696 3309 760 3356 acu
783 3282 888 3354 setrea
913 3285 1060 3356 morsum
1086 3288 1174 3370 bene¹
1190 3294 1421 3389 compungito
1437 3350 1449 3383 ,
1468 3299 1503 3369 &

540 3389 635 3487 supra
650 3390 736 3465 dida
753 3410 839 3465 tetra
857 3390 1060 3466 confricato.
1079 3397 1156 3469 Hoc
1173 3423 1232 3493 per
1252 3400 1405 3476 triduum
1419 3404 1502 3478 faci·

540 3520 602 3593 to,
621 3506 783 3579 &cornu
804 3502 945 3578 cervino
966 3505 1189 3605 suffumigato.
1210 3510 1263 3581 Ad
1282 3537 1419 3589 vermes
1445 3542 1503 3590 ne·

541 3615 669 3686 candos
690 3611 806 3709 scyllae
830 3612 942 3685 sucum
953 3612 1119 3687 instillato
1135 3619 1171 3689 ὅ(
1186 3616 1260 3711 pice
1282 3619 1416 3716 liquida
1431 3646 1504 3698 tan·

541 3723 623 3821 gito.
642 3724 756 3795 Boves
771 3722 794 3793 st
809 3723 908 3817 pedes
921 3724 1130 3811 attriverint,
1148 3724 1340 3822 priusquam
1358 3729 1397 3802 in
1412 3734 1503 3807 viam

377 3875 381 3885 .
421 3864 427 3869 -
540 3832 674 3921 mittas,
690 3832 764 3927 pice
789 3830 916 3927 liquida
938 3855 1067 3905 cornua
1092 3833 1305 3930 perunguito.
1331 3842 1504 3918 Famicenr

514 3974 518 3984 ·
540 3930 566 4012 li
587 3942 696 4015 boves
709 3940 904 4026 habuerint,
920 3941 985 4014 sale
1005 3945 1042 4016 δι
1069 3962 1166 4013 aceto
1190 3944 1373 4042 diligenter
1397 3955 1507 4027 eluito

541 4050 622 4145 pola
644 4049 794 4124 aerisflos
809 4049 995 4124 contritum
1014 4051 1237 4125 commixtum
1260 4081 1340 4131 cum
1353 4066 1509 4165 axungia

543 4159 599 4236 vel
620 4162 766 4239 alumine
788 4160 885 4254 solo,
903 4162 959 4237 vel
978 4158 1063 4259 galla
1084 4186 1161 4233 cum
1183 4163 1358 4248 allumine.
