3875 5759
509 901 582 982 430
678 864 1303 962 unumunurn

511 1036 576 1111 bus
594 1033 751 1124 meliores
772 1029 904 1129 prestat
917 1022 1345 1129 equos‚,patrimonlorum
1368 1026 1482 1101 ceuli-

511 1146 577 1222 bus
597 1145 796 1228 aestimatos,
814 1133 891 1216 tam‘
901 1142 944 1216 ad
969 1142 1158 1215 vehendum
1184 1137 1326 1226 molles,
1341 1139 1383 1212 δι
1402 1138 1482 1233 pios

512 1254 712 1341 incellibus,
735 1251 912 1324 nobilitate
935 1249 1115 1347 pretiosos.
1130 1248 1315 1346 sequuntur
1334 1246 1482 1319 Armeni

514 1382 617 1460 atque
637 1357 842 1457 Saphareni‚
868 1357 904 1429 in
927 1382 996 1455 qua
1019 1383 1082 1432 nec
1101 1357 1256 1452 Epirotas
1278 1354 1484 1453 Siculosque

514 1467 730 1564 despexeris,
755 1465 908 1541 umores
931 1491 971 1541 ac
993 1465 1214 1562 pulchritudo
1239 1488 1313 1535 non
1338 1463 1482 1539 deserat.

513 1574 696 1650 Hunniscis
708 1573 831 1672 grande
839 1576 881 1649 δι
892 1576 1058 1648 aduncum
1073 1592 1175 1671 caput
1185 1625 1199 1661 ,
1211 1572 1383 1645 exstantes
1396 1597 1482 1646 ocu·

514 1686 562 1776 li,
575 1685 723 1785 anguste
736 1710 855 1776 nares,
868 1686 943 1759 latae
960 1685 1125 1773 maxillae,
1139 1684 1274 1757 robusta
1294 1683 1421 1756 cervix
1443 1686 1482 1757 δι
1569 1769 1572 1776 ¹

431 1819 433 1824 '
515 1781 644 1898 rigida,
657 1795 745 1892 jubae
756 1796 844 1870 ultra
856 1820 962 1895 genua
977 1794 1182 1891 pendentes,
1197 1792 1342 1883 maiores
1355 1790 1484 1882 costa,
1569 1781 1574 1794 '

516 1908 662 1983 incurva
685 1908 806 2004 spina,
830 1906 934 1981 cauda
958 1904 1104 1996 filvosa‚
1128 1904 1336 1977 validiffimae
1363 1903 1484 1993 tibiae,

517 2043 634 2116 parra:
648 2016 761 2103 bases,
776 2017 886 2113 plenae
906 2040 947 2088 ac
967 2013 1094 2087 diffusae
1108 2013 1252 2110 ungula.
1267 2012 1325 2085 ilia
1345 2030 1484 2104 cavata,

518 2101 698 2223 telumque
712 2139 836 2219 corpus
848 2122 1062 2219 angulosum,
1072 2124 1163 2197 nulla
1175 2124 1210 2196 in
1226 2122 1385 2197 clunibus
1395 2123 1486 2195 arvi·
1579 2121 1583 2128 ’

519 2260 588 2326 na,
607 2233 692 2306 nulli
717 2234 753 2305 in
779 2231 935 2305 musculis
952 2234 1044 2321 tori,
1061 2232 1097 2304 in
1116 2232 1328 2330 longitudine
1353 2233 1488 2328 magis,
1576 2227 1580 2232 ’

520 2348 621 2437 quain
643 2341 680 2411 in
697 2338 1055 2427 altitudine,statura‚
1074 2340 1273 2436 propensior
1294 2358 1417 2413 venter
1431 2365 1489 2411 ex·
1577 2373 1581 2378 ·

520 2444 656 2519 haustus
670 2498 682 2535 ,
694 2445 763 2518 olla
780 2444 940 2542 grandia,
961 2446 1085 2519 macies
1099 2464 1211 2542 grata,
1224 2449 1261 2519 δι
1275 2444 1396 2541 quibus
1411 2446 1489 2541 pul·
1578 2481 1582 2488 ·

522 2553 750 2627 claritudinem
772 2553 901 2649 praestet
923 2552 1234 2648 ipsadeforrnitas:
1259 2553 1391 2627 animus
1413 2577 1490 2627 mo·
1573 2603 1577 2612 ι

523 2664 657 2738 deratus
676 2664 715 2737 &
737 2663 906 2758 prudens,
921 2667 960 2738 δι
982 2663 1161 2746 vulnerum
1176 2662 1314 2759 patiens.
1328 2663 1436 2737 Persis
1453 2668 1491 2737 δι

524 2773 647 2848 llarura
661 2775 700 2846 δι
719 2771 845 2868 positio
864 2798 883 2844 a
907 2772 1027 2844 ceteris
1046 2795 1211 2870 equorum
1223 2773 1402 2871 generibus
1419 2797 1492 2843 non

524 2881 710 2979 plurimum
735 2880 873 2970 differt,
895 2881 950 2955 sed
976 2882 1078 2955 lolius
1102 2883 1320 2957 ambulaturae
1347 2885 1492 2982 quadam

525 2992 629 3089 gratia
655 2991 889 3064 discernuntur
918 3016 943 3063 a
968 2992 1098 3066 ceteris.
1125 2994 1315 3090 gradus-‘est
1342 2994 1494 3066 minutus
1589 3071 1592 3078 ,

528 3103 568 3174 &
593 3100 726 3186 creber,
741 3102 781 3173 &
797 3101 858 3197 qui
875 3098 1041 3173 sedentem
1063 3102 1203 3175 delecter
1224 3103 1263 3177 δι
1283 3102 1408 3200 erigat,
1430 3128 1495 3176 nec
1530 3113 1533 3117 '

529 3227 600 3282 arte
617 3208 799 3299 doceatur,
816 3208 872 3278 sed
886 3230 1013 3280 naturae
1026 3211 1134 3284 veluti
1150 3210 1227 3306 jure
1244 3211 1422 3310 praellerur.
1437 3216 1497 3282 ln·

528 3333 580 3388 ter
592 3313 779 3388 colatorios
793 3316 905 3406 enim,
917 3318 955 3390 &
968 3340 1048 3407 eos,
1061 3342 1150 3414 quos
1164 3318 1351 3393 coronarios
1367 3318 1494 3413 vulgus

529 3424 696 3523 appellat,
707 3423 917 3497 ambulatum
928 3449 1048 3498 eorum
1061 3428 1170 3499 media
1183 3428 1230 3500 est
1241 3484 1253 3516 ,
1266 3429 1303 3503 δι
1316 3451 1391 3500 cum
1408 3451 1497 3499 neu·

532 3534 595 3608 tris
611 3533 673 3606 fint
691 3531 966 3624 ssmiles,habere
987 3533 1118 3633 aliquid
1140 3538 1323 3610 creduntur
1335 3536 1378 3609 ab
1391 3537 1499 3610 utris·
1593 3549 1600 3586 ·'

531 3664 601 3742 que
622 3666 817 3719 commune.
833 3644 914 3731 His,
928 3644 1011 3717 ficut
1034 3647 1213 3741 probatum
1236 3648 1306 3738 est,
1331 3649 1368 3721 in
1393 3649 1499 3723 brevi

532 3749 675 3849 amplius
695 3752 833 3849 gratiae,
853 3754 889 3825 in
916 3754 1058 3850 prolixo
1082 3754 1202 3828 itinere
1225 3755 1337 3831 sevior
1363 3758 1499 3854 patien-

533 3860 601 3947 ria,
612 3858 742 3933 animus
761 3859 941 3956 superbus,
954 3865 1014 3950 &,
1028 3863 1088 3935 nisi
1105 3866 1221 3937 labore
1235 3865 1427 3964 subjugetur
1450 3867 1500 3942 as·

534 3968 657 4057 uduo,
677 3968 854 4043 adversum
875 3972 1023 4069 equitem
1051 3993 1250 4049 contumax.
1271 4001 1365 4049 mens
1384 3996 1501 4051 tamen

535 4078 684 4175 prudens
696 4132 708 4167 ,
720 4082 772 4167 δι,
785 4082 878 4177 quod
894 4080 1016 4154 mirum
1029 4083 1076 4155 est
1086 4137 1098 4171 ‚
1110 4083 1145 4156 in
1159 4103 1255 4158 tanto
1269 4081 1408 4161 fervore
1419 4114 1504 4164 cau·

537 4185 659 4258 tiffime
670 4185 803 4261 decoris
814 4189 861 4259 est
875 4189 1113 4264 observantior
1122 4197 1134 4284 ,'
1144 4193 1319 4268 incurvata
1333 4195 1369 4267 in
1382 4223 1505 4275 arcum

538 4297 681 4390 cervix,
693 4316 731 4371 ut
742 4320 896 4374 mentum
908 4302 1103 4378 recumbere
1126 4305 1282 4379 videatur
1303 4306 1338 4379 in
1351 4299 1507 4405 pellore.
