3875 5759
479 917 527 984 44
599 875 1343 961 atrrnorrautrtrr

481 1048 594 1121 Graeci
607 1054 771 1140 napospoue
785 1042 985 1129 nominant,
999 1065 1069 1111 non
1084 1039 1193 1111 minus
1207 1065 1313 1138 quam
1326 1039 1429 1115 decem

480 1155 574 1228 fictili
594 1151 733 1224 vasculo
754 1152 789 1222 in
809 1177 895 1249 aqua
914 1149 1026 1223 missos
1044 1170 1156 1246 tegas,
1172 1149 1209 1221 ὃ(
1227 1147 1291 1221 sub
1311 1149 1433 1224 dioilo·

481 1283 574 1352 ruas,
588 1282 626 1334 ur
637 1263 753 1336 decem
767 1263 886 1335 diebus
902 1260 972 1332 sole
989 1279 1207 1353 vaporentur.
1222 1261 1343 1354 postea
1354 1285 1436 1358 qua·

483 1394 618 1469 cunque
631 1368 729 1441 illaesa
750 1367 899 1443 volueris
913 1369 994 1458 esse,
1014 1370 1064 1464 [ea
1081 1366 1438 1463 aquatperfimdas,tt

482 1478 617 1550 odonis
636 1476 754 1550 diebus
771 1477 910 1573 peradis
927 1477 996 1549 hoc
1016 1495 1168 1571 repetas,
1181 1473 1295 1546 donec
1315 1475 1442 1562 solide,

481 1616 559 1688 quae
578 1591 770 1686 optaveris,
782 1589 986 1663 adolescant.
1012 1639 1046 1654 .-
1068 1585 1247 1661 Formicas·
1263 1587 1400 1687 abiges,
1417 1585 1442 1661 sr

480 1699 626 1798 origano
645 1704 682 1775 dc
704 1700 828 1775 sulfure
844 1700 931 1775 tritis
953 1701 1105 1773 foramen
1132 1698 1296 1798 asperges.
1315 1699 1443 1782 hoc&

481 1809 601 1905 apibus
621 1830 734 1883 nocet.
747 1810 827 1883 irem
842 1811 1056 1885 cochlearum
1074 1833 1199 1882 uacuas
1210 1809 1311 1883 tellas
1324 1811 1349 1882 si
1362 1809 1443 1884 ulle·

480 1919 549 2006 ris,
564 1923 600 1995 &
621 1945 665 1992 eo
685 1919 799 1993 cinere
819 1920 973 1994 foramen
989 1919 1148 1994 inculces.
1169 1967 1203 1981 -
1218 1919 1360 1993 Culices
1375 1918 1441 2019 gal·

480 2027 570 2098 bano
586 2026 698 2098 infuso
713 2026 888 2124 sugantur,
900 2048 957 2100 aur
971 2025 1105 2098 sulfure.
1120 2065 1155 2088 ·-
1167 2025 1299 2100 Pulices
1313 2051 1441 2101 amurca

481 2158 541 2230 per
565 2134 795 2227 pavimentum
824 2132 1017 2231 frequenter
1044 2132 1190 2227 aspersa,
1216 2137 1277 2207 vel
1304 2135 1444 2236 cymino

481 2244 597 2342 agresti
610 2269 687 2314 cum
707 2268 796 2337 aqua
812 2243 915 2331 trito,
930 2246 988 2314 vel
1009 2242 1032 2312 sr
1049 2243 1236 2315 cucumeris
1251 2247 1389 2342 agrestis
1400 2245 1445 2319 se·

482 2378 562 2425 men
583 2375 669 2449 aqua
688 2350 869 2424 resolutum
885 2350 972 2444 saepe
989 2349 1166 2435 infundes,
1182 2351 1238 2423 vel
1257 2377 1376 2450 aquam
1398 2353 1446 2426 lu.

482 2463 642 2559 pinorum
664 2459 792 2556 psilotri
809 2458 1055 2532 austeritatibus
1075 2457 1231 2549 lundam.
1257 2509 1297 2523 -
1311 2459 1451 2550 Mures,

483 2575 508 2646 fi
533 2560 703 2646 amurcam
725 2570 853 2666 spissam
872 2566 997 2666 patinae
1018 2568 1200 2654 infuderis,
1220 2573 1260 2643 dt
1281 2563 1316 2642 in
1339 2573 1449 2644 domo

483 2683 584 2756 nosle
610 2681 784 2778 posueris,
809 2680 1042 2782 adhaerebunt.
1068 2679 1147 2751 item
1174 2683 1398 2771 necabuntur,
1420 2681 1448 2754 ti

483 2795 661 2870 helleboro
688 2793 786 2893 nigro
809 2794 961 2882 caseum,
985 2791 1042 2867 vel
1066 2818 1208 2888 panem,
1230 2794 1289 2866 vel
1311 2792 1445 2887 adipes,

482 2906 538 2977 vel
552 2905 726 2998 polentam
748 2903 997 2994 permisceas&
1017 2901 1150 2974 offeras.
1172 2906 1214 2973 Et
1230 2902 1370 2998 agnellis
1388 2925 1447 2974 cu·

485 3010 677 3081 cumeris&
691 3010 948 3103 colocynthidis
961 3011 1096 3081 suffusio
1112 3012 1156 3085 stc
1172 3012 1319 3084 nocebit.
1336 3061 1370 3075 -
1381 3011 1450 3086 Ad·

485 3112 603 3212 versus
625 3137 736 3183 mures
757 3112 897 3208 agrestes
920 3115 1082 3209 Apuleius
1101 3118 1228 3204 asserit,
1241 3117 1367 3191 semina
1388 3119 1449 3191 bu·

486 3221 570 3294 bulo
591 3221 670 3293 selle
693 3222 914 3311 maceranda,
934 3241 1112 3320 antequam
1130 3226 1268 3323 spargas.
1292 3221 1453 3322 nonnulli

486 3329 751 3425 rhododaphnes
781 3328 874 3400 soliis
900 3328 1009 3401 aditus
1036 3356 1155 3403 eorum
1187 3332 1368 3422 claudunt,
1393 3331 1453 3432 qui

487 3440 571 3513 rosrs
585 3438 659 3524 his,
673 3439 752 3510 dum
767 3438 803 3510 in
816 3438 911 3511 exitu
931 3438 1083 3512 nituntur
1097 3494 1108 3529 ,
1122 3440 1301 3514 intereunt.
1319 3493 1355 3506 -
1369 3442 1453 3515 Tal-

487 3571 547 3644 pas
563 3545 677 3617 Graeci
697 3546 765 3617 hoc
779 3572 899 3645 genere
919 3547 1185 3645 persequuntur:
1199 3575 1320 3623 nucem
1337 3551 1455 3647 perso·

488 3652 556 3725 tari
576 3651 712 3747 jubent,
726 3655 782 3727 vel
794 3652 934 3751 aliquod
952 3655 1046 3750 pomi
1062 3679 1165 3750 genus
1178 3654 1353 3727 soliditatis
1368 3651 1458 3747 ejus,

489 3763 576 3834 dem.
601 3759 648 3832 ibi
669 3762 840 3857 paleas'&
864 3786 974 3835 ceram
1000 3787 1077 3835 cum
1096 3759 1226 3834 sulfure
1250 3763 1456 3838 sufficienter

421 3874 423 3879 ’
488 3868 627 3947 includi.
647 3890 729 3943 tunc
747 3896 866 3944 omnes
879 3872 1041 3966 parvulos
1056 3870 1182 3958 aditus,
1196 3874 1233 3944 δι
1246 3872 1375 3969 reliqua
1387 3871 1452 3968 spi·

489 4000 640 4055 ramenta
668 3979 828 4076 talparum
853 3980 1031 4078 diligenter
1054 3979 1206 4066 obslrui,
1230 4007 1333 4053 unum
1360 3980 1452 4053 fora·

490 4116 588 4181 men,
608 4091 703 4189 quod
721 4090 868 4184 amplum
888 4092 951 4179 srt',
971 4088 1156 4179 reservari,
1176 4094 1214 4164 in
1239 4090 1335 4185 cujus
1358 4090 1453 4192 aditu

492 4223 610 4270 nucem
631 4200 720 4271 intus
735 4196 901 4288 incensam
916 4199 960 4270 fic
976 4197 1061 4293 poni
1072 4248 1083 4284 ‚
1095 4218 1132 4269 ut
1145 4200 1187 4268 ab
1198 4217 1266 4269 una
1281 4218 1376 4293 parte
1388 4196 1459 4269 lla-⁴

432 4330 434 4334 ·
492 4323 545 4378 tus
568 4308 669 4421 poffit
687 4307 862 4404 accipere,
885 4330 973 4403 quos
995 4307 1037 4381 ab
1061 4306 1125 4384 alia
1146 4324 1240 4405 parte
1262 4306 1453 4383 diffundam
