3875 5759
492 920 586 1034 5458.
656 853 1024 996 ’veors‘rrr
1072 920 1201 994 mu.
1248 920 1275 994 1.

413 1107 420 1120 ·
502 1083 683 1160 mixturam
703 1080 930 1179 nervorum]
953 1081 987 1154 Si
1003 1083 1105 1155 laccae
1119 1083 1154 1155 in
1168 1083 1294 1183 gambis
1316 1082 1466 1175 fuerint,

488 1214 562 1290 ¹aut
580 1191 698 1291 aliquis
716 1193 819 1265 dolor
839 1216 937 1268 coxae
960 1192 1018 1265 vel
1036 1194 1187 1289 gambae,
1207 1193 1336 1291 sanguis
1353 1194 1466 1267 detra-

498 1305 601 1380 batur
621 1301 748 1399 gambis
764 1300 861 1378 :suut
875 1302 964 1374 enim
984 1327 1081 1375 venae
1096 1328 1114 1374 a
1128 1303 1309 1377 visceribus
1322 1304 1463 1376 descen-

377 1417 383 1427 '
485 1413 617 1490 ¹dentes
643 1437 712 1507 per·
721 1411 855 1509 gambas
882 1412 1045 1499 interius,
1068 1437 1150 1520 quas
1170 1413 1294 1486 medias
1323 1432 1464 1510 propter

499 1516 652 1593 vicinam
675 1519 856 1592 mixturam
871 1545 1058 1594 nervorum
1084 1541 1179 1595 caute
1193 1522 1385 1597 transverso
1400 1521 1462 1593 fle·

498 1629 648 1704 botomo
673 1630 866 1727 percuties,
893 1632 932 1705 δι
957 1631 1036 1728 post
1064 1632 1296 1707 decursronem
1321 1632 1462 1707 fasciola

500 1738 631 1836 ligabis.
872 1743 874 1746 ’

541 1852 706 1934 xxvul.
721 1849 966 1924 inanimalium
988 1849 1076 1924 curis
1089 1876 1129 1950 ac
1143 1850 1319 1923 medicinis
1333 1852 1462 1947 duplex

411 1999 413 2004 ·
475 1955 685 2038 remedium
718 1951 873 2032 audores
900 1959 967 2031 effe
995 1958 1206 2049 voluerunt,
1231 1959 1462 2054 minutionem

498 2069 690 2168 sanguinis,
704 2095 764 2165 per
785 2095 884 2167 quam
904 2069 1082 2143 constrida
1102 2070 1277 2159 laxantur,
1291 2073 1328 2143 δι
1351 2069 1465 2142 ustio·

495 2203 576 2250 nem
597 2176 757 2263 cauterii,
774 2189 834 2271 per
847 2177 941 2271 quod
960 2178 1070 2250 laxata
1091 2176 1279 2252 firmantur.
1299 2180 1362 2250 Sed
1382 2204 1463 2272 cum

496 2283 678 2357 flebotomi
694 2282 783 2355 ratio
798 2284 973 2372 evidenter
989 2284 1145 2359 videatur
1156 2286 1307 2382 exposita
1321 2339 1332 2373 ,
1346 2307 1461 2359 caute·

467 2414 471 2423 ·
496 2393 540 2467 rii
558 2400 718 2490 quoque,
740 2391 820 2465 licet
836 2390 1016 2486 nouiffima
1036 2419 1115 2466 cura
1130 2394 1189 2483 srt,
1203 2394 1384 2488 aperienda
1402 2395 1460 2469 vi·

496 2501 753 2575 detur-utilitas.
777 2525 855 2574 nam
873 2500 1002 2575 adustio
1018 2501 1133 2579 ‚laxata
1157 2502 1382 2600 constringit,
1403 2503 1460 2574 in-

496 2614 576 2688 flata
588 2632 759 2712 attenuat,
772 2613 957 2686 humectata
969 2612 1133 2704 desiccat,
1147 2614 1323 2709 coagulata
1337 2613 1457 2705 solvit,

389 2713 423 2772 f
496 2723 727 2798 carcinomata
742 2720 928 2819 praecidit,
955 2741 1088 2797 veteres
1111 2721 1248 2794 dolores
1276 2722 1458 2812 emendat,

496 2833 655 2907 alienatas
676 2830 832 2927 corporis
848 2849 956 2927 partes
980 2854 1023 2903 err
1040 2828 1188 2927 qualibet
1207 2829 1312 2904 causa·
1324 2832 1366 2901 ad
1392 2828 1457 2903 sta-

495 2959 568 3015 tum
595 2941 689 3012 suum
713 2957 877 3026 revocat,
899 2938 998 3033 super
1026 2948 1180 3013 naturam
1206 2939 1456 3031 excrescentia,

480 3051 649 3137 ¹sublata,
670 3048 833 3121 &adusta
849 3047 996 3120 crescere
1021 3072 1093 3119 non
1111 3049 1244 3142 patitur.
1263 3052 1350 3120 Nam
1377 3074 1456 3123 cum

386 3146 389 3153 ’
496 3158 661 3234 candente
679 3155 772 3228 ferro
793 3154 921 3248 ruperis
941 3174 1075 3241 cutem,
1097 3158 1218 3229 vitium
1242 3183 1345 3230 omne
1371 3147 1457 3232 con·

496 3264 661 3366 coquitur
673 3285 774 3363 atque
788 3277 998 3351 maturatur,
1018 3263 1057 3336 &
1073 3262 1241 3337 beneficio
1253 3265 1339 3358 ignis
1354 3269 1455 3342 diffo-

480 3379 630 3466 ¹dutum,
650 3398 709 3471 per
732 3369 916 3461 foramina,
930 3395 1007 3468 quae
1031 3369 1116 3443 farta
1136 3370 1228 3462 sunt,
1243 3372 1350 3446 effluit
1376 3403 1454 3452 cum

487 3488 650 3565 humore.
662 3501 764 3579 atque
781 3481 827 3554 ira
848 3477 978 3552 sanatur
997 3479 1122 3577 paffio,
1136 3481 1173 3553 δι
1187 3480 1320 3554 tollitur
1340 3484 1454 3563 dolor.

492 3596 575 3693 Post
593 3617 670 3693 ¹quae
691 3588 903 3666 cicatricibus
917 3589 1053 3679 clausrs,
1067 3590 1280 3664 constrictior
1299 3595 1337 3665 &
1350 3596 1454 3669 robu·
1491 3646 1494 3655 ·

495 3692 579 3781 stiur
606 3702 756 3777 redditur
784 3703 882 3776 locus
896 3755 910 3790 ,
935 3726 974 3775 ae
1002 3725 1110 3797 prope
1139 3700 1329 3777 insolubilis
1357 3707 1453 3784 cutis.

495 3811 679 3893 Sciendum
696 3837 800 3905 vero,
822 3812 962 3908 cuprina
989 3805 1135 3883 cauteria
1159 3812 1233 3908 plus
1257 3814 1388 3888 effeetus
1412 3819 1453 3891 ad

495 3925 682 4003 curandum
695 3923 829 4011 habere,
840 3947 941 4019 quam
955 3918 1072 3993 ferrea.
1085 3921 1280 3992 Praetereasr
1292 3921 1329 3993 in
1343 3924 1452 4020 capite

495 4033 639 4109 morbus
652 4030 719 4120 est,
731 4030 876 4102 inuritur
888 4026 1028 4102 cervix:
1045 4026 1262 4100 fisubrenalis
1279 4027 1344 4117 est,
1362 4031 1453 4106 lum-

493 4146 547 4221 bis
559 4143 645 4245 ignis
657 4140 846 4217 adhibetur.
862 4136 1034 4216 Interdum
1046 4155 1156 4221 autem
1172 4137 1295 4232 puncta
1308 4136 1453 4237 infigun-

493 4272 568 4341 tur,
584 4253 750 4327 interdum
766 4251 808 4322 ad
824 4244 1072 4321 similitudinem
1081 4245 1178 4319 lineae
1192 4246 1337 4319 candens
1350 4249 1453 4321 dedu·

493 4360 583 4436 citur
597 4361 722 4447 serrum
729 4356 937 4459 ,aliquando
949 4355 1044 4454 velut
1056 4354 1211 4454 palmulae
1224 4352 1321 4435 fiunt.
1332 4360 1370 4430 In
1383 4357 1454 4432 hoc
