3875 5759
625 926 704 1002 oe
735 924 806 998 ue
841 921 1114 1002 nusrtcn
1151 923 1250 999 cru.
1276 926 1302 1001 1.
1348 918 1351 922 ’
1403 941 1447 1023 19·

482 1082 673 1187 committe.
692 1082 837 1158 innovo
852 1065 942 1155 duim
957 1106 1080 1181 genere
1099 1081 1284 1167 seminum,
1299 1098 1377 1154 ante
1388 1106 1449 1157 ex·

482 1196 730 1293 perimentum,
752 1219 823 1267 non
839 1194 886 1267 eli
902 1195 975 1291 spes
992 1212 1064 1266 tota
1081 1193 1250 1289 ponenda.
1270 1194 1371 1268 Locis
1383 1196 1451 1268 hu·

484 1304 586 1377 midis
610 1302 732 1378 semina
753 1302 853 1377 citius
870 1328 971 1399 quam
989 1300 1081 1375 siccis
1100 1301 1326 1400 degenerante
1344 1328 1451 1400 quare

483 1415 628 1490 subinde
647 1415 817 1489 succurrat
836 1414 967 1487 eledio.
987 1412 1147 1501 Ferrarii,
1163 1412 1317 1509 lignarii,
1331 1414 1450 1489 dolio·

484 1547 562 1595 rum
585 1546 815 1618 cuparumque
830 1519 1173 1593 sadores'necellario
1194 1519 1339 1593 habendi
1353 1522 1449 1618 sunt,
1551 1589 1555 1603 ,

485 1656 531 1704 ne
550 1631 698 1704 alabore
718 1630 859 1704 solemni
873 1630 1016 1704 rusticos
1038 1631 1133 1704 causa
1147 1630 1370 1706 desiderandae
1390 1649 1458 1707 ur·‘

485 1739 537 1814 bis
557 1758 698 1815 avertat.
719 1738 819 1812 Locis
836 1737 965 1838 frigidis
983 1765 1002 1812 a
1022 1739 1165 1811 Meridie
1186 1738 1299 1812 vineta
1314 1766 1452 1836 ponan-

485 1868 560 1938 tur;
576 1850 715 1939 calidis,
727 1875 745 1920 a
758 1851 1007 1944 septemtrione
1019 1875 1030 1934 ;
1040 1850 1233 1943 temperatis
1243 1899 1255 1937 ,
1265 1852 1309 1919 ab
1320 1854 1451 1926 Orien·

486 1978 540 2052 te,
560 1960 636 2050 vel,
659 1960 830 2032 sinecesle
845 1959 904 2042 srt,
926 1956 1127 2031 Occidente.
1150 1959 1339 2054 Operarum
1360 1966 1458 2038 ratio'

487 2093 593 2141 unum
606 2067 747 2138 modum
763 2082 877 2134 tenere
896 2085 967 2134 non
983 2060 1090 2158 potest
1102 2064 1139 2136 in
1156 2081 1248 2138 tanta
1262 2066 1453 2145 diversitate

486 2196 674 2251 terrarum:
690 2177 728 2247 δι
745 2174 824 2245 ideo
840 2170 902 2244 soli
918 2176 957 2246 ὅ(
971 2165 1161 2268 provincia
1174 2175 1386 2252 consuetudo
1399 2180 1453 2255 sa·

486 2286 552 2360 cile
573 2282 746 2374 ostendet,
761 2284 819 2380 qui
841 2308 997 2357 numerus
1018 2275 1384 2383 unamquamque'rem
1404 2291 1454 2364 sa·

487 2398 571 2486 ciat,
584 2397 655 2468 srve
676 2395 714 2468 in
728 2395 888 2483 surculis,
903 2396 973 2469 five
987 2395 1023 2467 in
1039 2396 1136 2468 omni
1150 2420 1272 2493 genere
1291 2398 1455 2477 satorum.

488 2512 577 2603 Quae
595 2507 735 2594 florent,
757 2508 888 2582 conflat
901 2533 973 2579 non
992 2507 1057 2579 else
1071 2509 1245 2604 tangenda.
1264 2511 1355 2583 Bene
1374 2513 1457 2612 eligi

489 2620 625 2692 serenda
642 2643 713 2692 non
727 2619 881 2714 poliunt,
898 2617 958 2688 nist
971 2617 1040 2688 hoc
1054 2618 1207 2688 officium
1223 2617 1315 2709 prius
1327 2622 1457 2718 eligens

487 2728 637 2801 assumat.
650 2733 688 2799 ln
702 2729 800 2797 rebus
813 2725 993 2820 agrestibus
1007 2723 1153 2793 maxime
1164 2724 1279 2793 officia
1290 2725 1464 2816 juvenum·

489 2855 707 2934 congruunt,
726 2832 868 2923 imperia
890 2827 1073 2895 seniorum.
1095 2829 1132 2894 ln
1154 2826 1280 2901 vitibus
1302 2835 1462 2926 putandis
1486 2890 1488 2894 Α

490 2946 557 3016 tria
586 2938 827 3012 consideranda
851 2932 947 3022 sunt,
969 2931 1134 3006 fruduum
1158 2934 1252 3031 spes,
1272 2939 1467 3020 successura

493 3050 666 3137 materies,
678 3046 793 3135 locus,
806 3045 866 3145 qui
879 3046 989 3119 servet
1003 3071 1042 3119 ac
1056 3067 1210 3121 revocet.
1223 3049 1336 3127 Vitem
1348 3056 1371 3128 fi
1384 3082 1459 3132 ma·

490 3162 600 3236 turius
615 3177 732 3257 putes,
749 3160 844 3253 plura
865 3157 1027 3231 sarmenta
1040 3158 1089 3245 ;si
1108 3157 1231 3249 serius,
1244 3160 1370 3239 fruetus
1384 3169 1459 3264 plu.

491 3272 599 3346 timos
618 3268 846 3365 consequeris.
868 3269 927 3343 De
945 3270 1031 3344 locis
1051 3268 1237 3344 deterrimis
1255 3272 1338 3347 ficut
1358 3277 1461 3354 arbo·¹
1536 3261 1540 3268 ¹

491 3379 627 3476 res,ita
642 3378 730 3450 vites
752 3378 920 3449 convenit
943 3379 985 3449 ad
1003 3377 1144 3451 meliora
1163 3373 1362 3457 transferre?
1378 3387 1460 3462 Post

492 3490 618 3562 bonam
632 3485 840 3557 vindemiam
856 3484 1014 3574 liridlius,
1030 3487 1107 3583 post
1120 3489 1272 3585 exiguam
1286 3492 1383 3568 latius
1396 3522 1460 3591 pu·

493 3616 538 3671 ta.
558 3598 595 3668 ln
609 3594 706 3668 omni
721 3619 825 3689 opere
840 3595 1005 3668 inserendi
1015 3644 1027 3680 ,
1038 3599 1176 3693 putandi
1188 3654 1196 3684 ,
1210 3626 1249 3673 ac
1263 3604 1435 3679 recidendi
1446 3599 1471 3696 ,¹

494 3706 588 3780 duris
605 3704 762 3777 &acutis
783 3724 876 3778 utere
896 3704 1117 3783 ferramentis.
1144 3713 1181 3780 ln
1196 3710 1266 3786 vite
1281 3718 1338 3785 vel
1354 3717 1468 3802 arbo,

494 3840 531 3888 re
552 3839 630 3912 quae
646 3813 795 3888 facienda
812 3814 908 3904 sunt,
923 3840 1048 3913 perage
1064 3835 1141 3889 ante
1161 3821 1370 3915 apertionem
1393 3822 1463 3892 flo-

495 3925 598 3998 ris&
617 3946 769 4018 gemmae.
795 3926 831 3993 ln
858 3924 966 3996 vineis
988 3944 1099 3997 aratro
1121 3930 1333 4021 praetermissa
1354 3929 1470 4028 tollor,
1519 3942 1549 3990 τ’

496 4030 661 4102 emendet.
688 4029 791 4101 Locis
814 4029 951 4115 calidis,
969 4029 1081 4118 siccis,
1104 4032 1245 4127 apricis,
1265 4034 1462 4129 pampinan-

498 4140 579 4211 dum
594 4163 665 4210 non
683 4138 748 4223 est,
764 4163 840 4211 cum
860 4140 964 4237 magis
982 4141 1062 4215 vitis
1083 4160 1179 4238 optet
1190 4142 1328 4238 operiri.
1347 4145 1389 4214 Et
1403 4146 1463 4219 ubi

501 4247 619 4318 vineas
640 4248 831 4320 Vulturnus
852 4248 984 4340 exurit,
1005 4270 1061 4323 aut
1075 4248 1172 4324 flatus
1191 4250 1311 4346 aliquis
1330 4253 1464 4348 regioni

499 4353 680 4448 inimicus,
707 4358 814 4432 vitem
838 4374 988 4457 tegamus
1013 4359 1226 4436 straminibus
1248 4356 1307 4431 vel
1328 4360 1463 4433 aliunde

1197 4470 1224 4539 B
1250 4491 1272 4539 2
