3875 5759
607 924 739 1003 nuru
765 923 981 995 serenus.
1005 924 1105 998 stuc
1127 925 1314 997 Morou.
1371 949 1440 1023 271

482 1087 676 1185 temporis,
700 1087 823 1179 mribus
846 1086 975 1158 nitrum
1000 1086 1179 1184 diligenter
1201 1087 1385 1160 cribratum
1410 1087 1450 1160 in

482 1202 650 1275 hordeum
671 1200 773 1270 debes
786 1197 982 1292 aspergere,
1001 1195 1096 1290 quod
1108 1218 1228 1266 omnes
1246 1194 1450 1290 asperrimos

481 1314 644 1386 humores
660 1313 698 1383 &
712 1308 887 1404 spurcitias
901 1306 1057 1399 corporis
1070 1323 1199 1399 purgat.
1209 1306 1277 1376 Sed
1289 1304 1448 1400 stropho·

481 1422 526 1496 fis
555 1421 647 1492 dabis
674 1418 852 1513 potionem
885 1414 1037 1508 superius
1063 1412 1265 1484 declaratam
1295 1411 1450 1505 plurimis

480 1528 612 1601 diebus.
630 1527 741 1598 Etiam
763 1548 875 1619 acopo
897 1521 1100 1594 termantico
1119 1543 1216 1591 renes
1237 1543 1377 1609 eorurn,
1391 1540 1451 1591 to-
1481 1521 1485 1530 '

480 1656 621 1730 tumque
642 1656 771 1728 corpus
784 1654 967 1724 perunges,
980 1632 1018 1703 δι
1032 1629 1150 1702 diebus
1169 1627 1330 1724 aliquota
1344 1626 1451 1724 pluri·

481 1745 546 1818 bus
571 1744 674 1818 facies
698 1739 893 1816 confricari.
913 1739 967 1811 Ad
992 1738 1149 1810 ultimum
1173 1737 1310 1812 renibus
1327 1763 1449 1813 eorum

482 1853 668 1930 causticam
690 1851 854 1933 induces,
868 1848 964 1921 &fic
981 1837 1126 1920 revoces
1145 1849 1189 1919 ad
1209 1848 1373 1921 laborem.

531 1959 655 2032 XLIV.
668 1955 918 2028 Intolerabilem
940 1954 1096 2024 dolorem
1111 1954 1277 2028 intestinis
1298 1955 1451 2033 inferunt

483 2068 668 2155 lumbrici,
692 2087 848 2153 vermes,
865 2066 904 2135 δι
927 2062 1086 2151 tineolae,
1099 2089 1181 2160 quas
1204 2064 1259 2136 alii
1271 2066 1452 2163 pediculos

484 2175 664 2269 appellant.
685 2199 764 2245 nam
784 2172 926 2270 coagula
948 2173 988 2245 δι
1009 2173 1234 2268 aqualiculum
1255 2174 1347 2248 intus
1368 2201 1452 2258 eros

487 2285 599 2373 dunt,
612 2286 650 2358 δι
671 2284 811 2357 vulnera
828 2283 966 2357 faciunt.
979 2307 1020 2355 ex
1032 2308 1099 2379 qua
1117 2284 1305 2384 necessitate
1318 2287 1451 2362 animai

487 2394 534 2468 lia
552 2395 779 2486 marcescunt,
793 2397 833 2470 δι
853 2394 1066 2493 coriaginosa
1084 2392 1195 2484 fiunt,
1212 2399 1251 2471 &
1263 2398 1331 2469 stne
1354 2398 1450 2472 febre

486 2531 560 2579 non
576 2526 696 2594 erunt,
708 2508 748 2581 δι
765 2503 920 2580 celeriter
932 2506 1136 2579 moriuntur.
1155 2506 1362 2601 Huiusmodi
1376 2509 1451 2603 pas·

483 2614 590 2690 sionis
602 2617 734 2715 lignum
753 2615 822 2706 est,
837 2641 917 2688 curn
930 2615 1106 2689 invenitur
1123 2616 1249 2688 humor
1262 2618 1298 2688 in
1311 2642 1379 2690 ano
1396 2617 1451 2692 fa·

460 2772 463 2780 ·
483 2723 540 2797 bae
558 2719 812 2800 codae'srmilis:
830 2724 878 2796 est
894 2748 1040 2821 namque
1057 2723 1161 2796 sanies
1179 2749 1223 2796 ex
1238 2726 1304 2797 illis
1324 2726 1450 2800 vulne-

486 2832 600 2924 ribus,
613 2833 848 2932 quaebesiiolae
863 2831 1060 2906 intrinsecus
1072 2831 1233 2906 fecerunt.
1248 2832 1364 2927 Jejuna
1375 2835 1453 2912 ani-¹.

488 2943 591 3015 malia
611 2968 654 3017 ex
676 2945 741 3018 hac
764 2944 951 3019 neceffitate
977 2942 1209 3019 vehementius
1235 2961 1451 3042 torquentur.

489 3076 571 3123 nant
595 3077 673 3126 cum
689 3052 740 3127 his
761 3052 850 3127 deest
865 3051 980 3144 cibus,
992 3054 1098 3152 tnagis
1112 3051 1230 3127 vitalia
1245 3053 1451 3130 consumun-

491 3175 548 3232 tur
569 3188 587 3235 a
607 3162 786 3237 vermibus.
810 3163 856 3235 Hi
868 3186 941 3236 non
959 3162 1036 3236 sunt
1050 3162 1181 3255 inflati,
1199 3165 1238 3239 δι
1251 3183 1363 3240 tamen
1389 3191 1452 3263 per

491 3272 647 3347 dolorem
669 3274 701 3349 se
721 3275 907 3365 volutant,
925 3278 964 3348 δι
981 3275 1018 3348 in
1037 3277 1164 3373 spinam
1177 3276 1218 3350 se
1237 3277 1452 3374 projiciunt,

447 3464 450 3468 ,
490 3387 530 3458 &
550 3408 651 3484 caput
674 3387 735 3459 fibi
749 3388 838 3460 intra
853 3388 954 3483 pedes
968 3389 1128 3481 mittunt,
1143 3391 1181 3464 &
1195 3381 1376 3462 ostendunt
1387 3390 1454 3467 do-.

489 3494 573 3568 loris
592 3498 644 3569 sui
663 3497 803 3586 locum,
820 3497 973 3574 dentibus
994 3501 1050 3573 ilia
1075 3501 1134 3573 stbi
1159 3500 1248 3599 quafi
1271 3500 1425 3596 scalpunt
1437 3517 1455 3593 ,⁸

492 3603 675 3675 &rodum
694 3628 941 3703 nonnunquam
964 3608 1119 3703 lumbos,
1138 3610 1176 3683 δι
1190 3609 1328 3683 caudam
1343 3607 1453 3707 patin

493 3713 586 3788 tibus
603 3715 805 3793 confricant.
825 3720 915 3791 Cum
939 3718 999 3792 isla
1024 3721 1114 3818 signa
1140 3720 1314 3792 ostendere
1332 3735 1456 3814 coepes

492 3823 584 3915 rint,
604 3826 642 3899 δι
655 3828 777 3901 crebro
791 3830 954 3919 clamare,
976 3830 1045 3904 hoc
1061 3830 1125 3917 etl,
1143 3831 1362 3903 vehementer
1375 3828 1455 3899 hin·

494 3934 589 4026 nire,
604 3934 706 4021 scies,
720 3960 780 4010 eos
790 3937 856 4032 jam
868 3938 970 4011 morti
983 3939 1047 4011 elle
1056 3939 1201 4015 vicinos.
1213 3934 1345 4029 Quibus
1358 3935 1456 4008 adhi-

496 4044 595 4118 betur
615 4048 675 4120 isla
693 4047 846 4121 curatio:
860 4033 942 4123 Olei
964 4041 1082 4121 viridis
1109 4051 1146 4121 δι
1167 4044 1270 4120 amari
1291 4043 1455 4116 sextarios

500 4177 548 4241 2,
565 4156 758 4231 fasciculum
785 4158 937 4233 abfinthii
962 4160 1094 4235 Pontici
1116 4179 1314 4252 concoques
1335 4181 1345 4225 r
1366 4179 1457 4250 pree-2

498 4281 589 4336 terea
607 4268 756 4342 nallurtii
781 4267 935 4369 seminis,
959 4269 1145 4353 santonici,
1165 4261 1336 4340 coriandri
1361 4262 1457 4337 senri-

499 4374 554 4452 nis
562 4428 576 4469 ,
591 4378 742 4456 radicum
756 4379 888 4477 seminis
899 4436 914 4477 ,
927 4379 1088 4479 sinopidis
1105 4374 1241 4467 Pontici
1259 4372 1376 4454 uncias
1394 4371 1476 4476 stur,
