3875 5759
481 846 555 922 '280
665 843 1005 923 VEGETII
1055 843 1183 920 ΗΒ.
1230 849 1259 920 1.·

481 1035 525 1083 ex
544 1005 676 1107 frigoris
692 1006 846 1081 novitate
866 1000 1067 1103 percipiunt.
1085 1005 1280 1080 Curandum
1294 1006 1340 1080 esl
1353 1017 1445 1105 prae-⁴

481 1120 653 1216 cipue,ut
672 1118 742 1190 five
763 1116 916 1206 foenum,
931 1116 1002 1189 five
1017 1116 1147 1213 paleas,
1170 1118 1227 1192 vel
1250 1119 1443 1215 manipulos

480 1229 585 1303 viciae
604 1253 666 1324 pro¹
679 1227 856 1323 regionum
871 1224 930 1297 usu
951 1226 1008 1300 vel
1025 1227 1125 1323 copia
1140 1228 1339 1301 animalibus
1351 1255 1446 1323 prae·

482 1340 579 1422 beas,
595 1340 792 1432 incorrupta
812 1362 850 1409 ac
863 1336 949 1408 bene
969 1336 1147 1411 olentia&
1166 1340 1290 1412 munda
1307 1338 1446 1411 minans

483 1466 549 1518 tur.
562 1447 617 1517 De
632 1444 762 1538 hordeo
777 1467 915 1540 quoque
929 1468 1001 1515 non
1015 1444 1079 1518 erit
1093 1443 1289 1519 sollicitudo
1303 1446 1446 1519 dillimi-
1486 1514 1494 1524 ,

481 1553 542 1639 lis,
558 1576 601 1624 ne
615 1571 672 1625 aut
692 1552 968 1650 pulverulentum
990 1551 1053 1641 sit,
1068 1573 1127 1626 aut
1152 1553 1363 1650 lapidosum,
1386 1572 1447 1626 aut

481 1661 680 1750 mucidum,
695 1682 754 1736 aut
775 1661 937 1734 vetustate
961 1680 1181 1758 corruptum,
1196 1682 1252 1735 aut
1273 1683 1365 1737 certe
1390 1688 1450 1735 re·

422 1861 425 1868 Ι
481 1794 563 1844 cens
585 1772 626 1844 de
644 1771 728 1845 areis
751 1771 923 1864 sumtum,
947 1771 987 1844 δι
1009 1768 1079 1866 ipsa
1099 1770 1252 1843 novitate
1272 1773 1457 1865 praeservi-·

439 1905 442 1922 ¹
484 1879 578 1956 dum.
598 1883 700 1980 Aqua
715 1882 815 1954 etiam
837 1879 976 1976 limpida
997 1904 1035 1952 ac
1055 1879 1192 1977 frigida,
1205 1882 1304 1975 etiarn
1326 1902 1452 1976 peren·

484 1993 592 2093 pisae
608 1991 782 2088 profluens
801 1991 1018 2065 ministranda
1031 1991 1089 2064 est.
1106 1993 1191 2063 Nam
1206 1992 1367 2087 quidquid
1380 1992 1454 2063 im-

483 2100 670 2198 portunius
684 2099 780 2190 fluit,
795 2101 891 2174 virus
912 2127 984 2174 non
1003 2099 1159 2174 admittit.
1172 2100 1275 2176 Bisin
1293 2100 1346 2171 die
1360 2101 1456 2171 mul·

485 2229 602 2282 torum
620 2209 776 2282 manibus
793 2211 948 2284 animalia
962 2210 1040 2282 sunt
1060 2227 1137 2283 toto
1155 2207 1302 2306 ¹corpore
1318 2210 1456 2283 confri-

485 2317 604 2390 canda.
617 2340 695 2413 quae
711 2341 793 2391 cura
813 2321 852 2391 δι
870 2318 1156 2391 mansuetudinem
1171 2320 1288 2403 docet,
1302 2322 1339 2391 &
1357 2320 1455 2400 laxa·

486 2445 522 2499 ta
547 2443 623 2498 cute
646 2423 861 2524 pinguedinis
880 2426 1012 2523 prestat
1026 2445 1254 2523 augmentum.
1275 2429 1453 2501 Hordeum

487 2558 630 2633 quoque
649 2558 722 2606 non
745 2534 845 2607 semel
866 2559 929 2608 nec
946 2536 1022 2622 bis,
1036 2534 1092 2607 sed
1107 2534 1259 2631 pluribus
1282 2536 1454 2630 portioni·

328 2659 331 2666 '
401 2701 404 2706 .
487 2643 552 2718 bus
565 2642 708 2739 praeberi
722 2644 919 2726 conveniet.
936 2644 1104 2743 quidquid
1115 2643 1206 2717 enim
1219 2645 1380 2739 paulatim
1395 2669 1455 2717 ac-

487 2754 661 2852 ceperint,
674 2753 825 2853 legitima
839 2753 1023 2852 digestione
1035 2751 1224 2828 consitium
1237 2755 1354 2850 :quod
1367 2778 1456 2826 vero

488 2863 591 2947 semel
612 2864 860 2938 &enormiter
881 2862 1085 2952 sumserint,
1108 2888 1185 2937 cum
1210 2859 1295 2935 simo
1322 2862 1456 2960 indige·

487 2972 576 3044 slum
597 2973 833 3069 integrumque
848 2972 1088 3044 transmittunt.
1105 2971 1276 3062 Vicinum⁴
1292 2996 1375 3045 vero
1392 2972 1456 3042 lla·

490 3082 611 3155 bulum
635 3082 802 3154 convenit
824 3082 889 3154 elle
903 3083 985 3155 loco
1007 3082 1127 3170 arido,
1147 3082 1295 3155 stercore
1315 3082 1373 3153 vel
1395 3108 1457 3177 pa·

490 3192 555 3264 leis
573 3190 738 3292 mollibus
753 3192 978 3287 adopertum,
999 3193 1035 3264 in
1050 3217 1121 3289 quo
1142 3212 1220 3266 ante
1240 3213 1359 3290 potum
1385 3195 1458 3266 ani·

494 3299 596 3373 malia
615 3298 827 3372 volutentur.
840 3301 949 3394 Quod
964 3300 1162 3374 exercitium
1175 3302 1356 3376 &sanitati
1376 3329 1460 3399 pro-

486 3407 565 3499 fi'cit
576 3463 587 3500 ,
598 3411 636 3482 δι
651 3408 858 3507 aegritudinis
874 3410 996 3484 vitium
1010 3412 1263 3486 commonstrat.
1281 3440 1357 3487 nam
1371 3440 1461 3511 quo·

495 3520 559 3596 ties
577 3519 724 3609 animal,
749 3538 808 3601 aut
831 3545 903 3594 non
926 3518 1028 3594 solito
1053 3547 1148 3595 more
1169 3523 1203 3595 se
1225 3524 1461 3610 transvolvit,

360 3639 365 3656 ·
464 3730 470 3739 ι
494 3648 554 3702 aut
574 3629 719 3703 omnino
740 3631 898 3704 detredlat
913 3633 1131 3720 accumbere,
1147 3634 1227 3707 scias
1242 3634 1325 3707 illud
1337 3660 1380 3707 ex
1397 3654 1460 3707 tae·

493 3740 556 3812 dio
578 3737 755 3831 laborare,
772 3738 903 3814 &ideo
918 3738 1059 3837 separari
1079 3740 1200 3813 debere
1213 3795 1224 3830 ‚
1239 3759 1340 3841 atque
1363 3766 1461 3815 cura-

495 3850 538 3924 ri.
559 3851 722 3949 Adquod
741 3864 828 3947 opus
850 3873 989 3947 quoque
1013 3850 1193 3947 plurimum
1216 3849 1373 3944 juvat,fi
1398 3850 1462 3921 sae·
1518 3873 1521 3878 ·

495 3957 624 4054 pius&
639 3982 718 4032 cum
739 3956 975 4031 moderatione
996 3954 1148 4029 animalia
1165 3955 1350 4029 sedeantur.
1370 3958 1462 4029 Nam

494 4064 666 4163 imperitia
683 4065 823 4139 testeris
850 4069 888 4141 δι
913 4064 1058 4139 incessus
1081 4087 1200 4137 eorum
1225 4062 1401 4150 debilitat,
1422 4068 1464 4139 dc

495 4203 629 4268 mores,
643 4177 815 4276 praecipue
829 4178 1006 4251 servorum
1015 4176 1236 4274 impatientia,
1248 4173 1324 4275 qui,
1340 4178 1461 4249 absen-

497 4288 587 4365 tibus
599 4289 764 4390 dominis,
783 4289 827 4364 ad
845 4288 976 4371 cursum
989 4312 1096 4388 equos
1111 4290 1330 4368 vehementer
1345 4289 1464 4364 slimu·
