3875 5759
382 871 392 904 ’
491 925 533 1022 ς6
606 920 1354 997 rantrutruurrttt

475 1101 580 1160 ‚tanta
594 1078 831 1177 longitudine,
845 1096 1001 1176 quantam
1017 1077 1232 1150 destinaveris
1248 1076 1391 1161 tabulae;
1404 1076 1451 1149 la·

487 1189 631 1268 titudine
651 1189 777 1284 -pedum
799 1189 946 1262 duorum
961 1189 1025 1281 [dt]
1044 1186 1162 1275 semis,
1181 1186 1239 1258 vel
1260 1186 1381 1274 trium,
1403 1186 1452 1258 ita

486 1316 524 1369 ut
537 1296 728 1391 iundliduo
749 1296 891 1369 futores
905 1297 1107 1392 designatum
1127 1293 1214 1367 linea
1233 1293 1377 1391 spatium
1396 1294 1451 1367 bi·

487 1404 644 1475 dentibus
663 1404 902 1502 persequantur
924 1404 1101 1477 altitudine
1116 1404 1216 1476 trium
1232 1402 1290 1474 vel
1306 1403 1453 1476 duorum

478 1513 555 1608 .[&]
569 1511 664 1584 semis
678 1514 812 1610 pedum.
832 1512 968 1586 Deinde
984 1512 1006 1583 sr
1028 1510 1258 1606 per-homines
1272 1508 1376 1584 vinea
1390 1535 1457 1587 c0·.

481 1623 587 1697 lenda
602 1624 811 1713 est,tantum
836 1624 929 1695 crudi
945 1622 1007 1698 soli
1026 1621 1268 1720 relinquimus.
1280 1622 1318 1695 &
1338 1620 1386 1695 fic
1404 1622 1456 1695 al·

460 1825 463 1830 Ι
489 1754 542 1807 ter
556 1735 666 1809 sulcus
686 1736 901 1832 imprimitur.
931 1736 1055 1809 sivero
1076 1736 1205 1809 arandae
1220 1733 1296 1807 sunt
1320 1733 1455 1824 vinee.
1494 1768 1503 1796 r

471 1845 640 1942 ¹quinque
667 1846 723 1921 vel
746 1842 801 1916 sex
825 1846 946 1940 pedum
969 1844 1096 1941 spatiari
1109 1869 1185 1942 quae
1206 1868 1278 1915 non
1299 1842 1376 1916 sunt
1392 1839 1454 1913 so·

340 1999 344 2004 ·
489 1957 630 2044 dienda,
645 1956 679 2029 in
695 1955 809 2029 medio
823 1956 1060 2053 relinquemus.
1074 1957 1181 2051 Quod
1196 1955 1219 2027 fi
1233 1953 1367 2027 scrobes
1381 1949 1453 2023 fieri

492 2068 642 2165 placeat.
656 2065 817 2142 faciemus
837 2067 946 2142 tribus
969 2069 1110 2164 pedibus
1133 2057 1235 2158 alias,
1251 2067 1384 2140 duobus
1404 2064 1452 2138 se·

491 2176 557 2251 mis
584 2176 687 2259 latas.
713 2174 819 2248 tribus
839 2176 968 2273 longas.
990 2175 1069 2246 Sive
1093 2173 1275 2251 fossoribus
1297 2175 1454 2250 colantur
1478 2162 1482 2168 ’

484 2284 629 2372 uineta,
648 2282 703 2356 seu
720 2283 848 2368 bubus,
869 2285 984 2355 eadem
1002 2282 1126 2377 spatia,
1141 2311 1224 2381 quae
1245 2286 1329 2359 inter
1345 2284 1456 2360 sulcos

371 2466 379 2480 .
484 2386 569 2465 sunt
590 2390 696 2482 diua,
719 2388 900 2465 servemus.
925 2388 1022 2475 Ultra
1044 2408 1111 2460 tres
1136 2415 1220 2463 vero
1240 2393 1340 2487 pedes
1356 2393 1456 2464 altius

484 2500 665 2575 -sodiendae
679 2501 814 2575 scrobes
826 2525 897 2571 non
914 2500 1006 2587 sunt,
1020 2523 1061 2569 ne
1074 2500 1227 2573 laborent
1243 2501 1370 2600 frigore
1387 2502 1457 2575 sar·

489 2629 631 2697 menta,
650 2634 725 2706 quae
746 2606 931 2704 pangimus.
949 2609 1068 2679 Latera
1091 2605 1264 2680 scrbbibus
1285 2610 1458 2715 aequghtet

494 2716 599 2794 incisa
610 2719 692 2806 bnt,
708 2743 750 2791 ne
765 2716 906 2814 obliqua
923 2713 1179 2788 vitissaucietur
1191 2717 1256 2788 alte
1271 2718 1458 2791 nitentibus

489 2824 730 2916 ferramentis,
754 2851 830 2900 cum
858 2823 965 2897 fossor
991 2825 1173 2900 incumbet.
1200 2825 1322 2898 Pallini
1348 2852 1457 2914 vero,

494 2936 592 3032 quod
617 2958 718 3015 omne
744 2930 949 3020 versabitur,
977 2932 1077 3005 trium
1104 2935 1161 3006 vel
1185 2936 1331 3007 duorum
1361 2935 1458 3007 semis

495 3044 619 3139 pedum
641 3041 815 3134 altitudine
840 3064 928 3116 terra
950 3040 1108 3112 universa
1133 3041 1293 3115 sodietur.
1321 3044 1357 3114 in
1385 3068 1467 3140 quo,

490 3150 561 3228 erit
587 3147 777 3245 diligentia,
802 3171 845 3218 ne
871 3147 1013 3220 crudum
1042 3146 1149 3219 solum
1176 3146 1291 3219 fraude
1318 3154 1458 3224 occulta

488 3256 605 3339 -solsot
616 3256 779 3334 includat.
806 3280 906 3353 quam
923 3280 992 3328 rem
1009 3254 1146 3328 subinde
1165 3256 1275 3330 cuslos
1290 3254 1405 3352 virga,
1421 3259 1459 3329 in

492 3365 748 3469 quaptaedislae
770 3361 956 3437 altitudinis
977 3364 1098 3437 modus
1113 3364 1380 3463 designatusest‚
1395 3389 1460 3460 per

497 3465 714 3577 {partuque
733 3475 926 3565 fodiuntur,
941 3477 1108 3570 explotet.
1124 3476 1277 3554 Radices.
1289 3499 1408 3550 omnes
1422 3480 1461 3555 δε

496 3600 739 3685 ¹purgamenta,
761 3582 907 3656 maxime
933 3582 1012 3655 rubi
1035 3584 1074 3656 δι
1097 3581 1215 3673 silicis,
1235 3584 1270 3655 in
1293 3583 1461 3657 summum

496 3694 606 3795 regeri
622 3693 738 3770 faciat.
760 3696 850 3787 Quae
874 3718 954 3767 cura
973 3691 1125 3768 inomni
1144 3691 1321 3791 postionis
1339 3717 1461 3793 genere

498 3808 538 3882 δι
555 3804 681 3903 ubique
695 3803 859 3888 servanda
873 3800 931 3877 ell.
953 3859 963 3866 ..

530 3919 610 3994 XI·
637 3915 784 3992 Tabulas
808 3931 918 3987 autem
943 3937 1007 4010 pro
1031 3910 1163 3985 domini
1188 3912 1381 3999 voluntate,
1402 3912 1460 3984 vel

500 4023 718 4111 lueitatione
733 4001 913 4110 faciemus,
929 4022 1001 4096 stve
1017 4020 1184 4119 integrum
1204 4019 1354 4119 jugerum
1372 4043 1460 4112 cun-

500 4128 667 4219 tinentes,
687 4128 743 4202 seu
765 4123 1006 4215 medium3seu
1026 4124 1271 4222 quartanatiam
1290 4123 1459 4214 tabulam,

394 4324 397 4330 μ
501 4253 579 4327 quae
591 4262 739 4331 quartam
753 4234 859 4334 jugeri
874 4258 1001 4332 partem
1014 4235 1171 4331 quadrata
1185 4230 1354 4308 conficiet.

518 4417 527 4432 .
548 4341 631 4462 XII.¹
641 4349 798 4425 Mensura
811 4372 898 4426 veto
916 4345 1036 4447 pallini
1053 4338 1125 4461 haes
1139 4345 1199 4439 est,
1220 4344 1284 4440 [ut]
1299 4342 1334 4417 in
1345 4341 1461 4434 tabula
