3875 5759
570 907 641 984 370
736 880 1069 959 VEGETll
1114 884 1245 958 ΗΒ.
1296 887 1363 959 Ill.
1447 825 1448 834 Ν

571 1062 728 1124 ventrem
748 1040 985 1141 testiculosque
1006 1066 1124 1117 eorum
1144 1043 1284 1119 castorei
1308 1044 1419 1119 firmus
1443 1064 1530 1123 evai

571 1177 691 1259 poret‚
709 1161 747 1231 δι
769 1152 944 1230 confestim
967 1156 1121 1230 detrailis
1142 1158 1346 1231 carbonibus
1370 1159 1529 1258 cooperti

571 1266 839 1344 deambulant&
862 1263 1029 1362 mingunt.
1063 1265 1208 1339 Alumen
1231 1266 1359 1341 scissum
1387 1271 1425 1342 δι
1448 1268 1530 1344 sales

526 1465 532 1480 ,
571 1380 711 1460 fricato,
726 1372 948 1470 admixtoque
970 1374 1051 1447 oleo
1070 1377 1108 1449 δι
1131 1376 1234 1448 melle·
1243 1377 1431 1474 collyrium
1447 1377 1531 1450 lon·

454 1565 458 1573 ,
570 1512 650 1586 gum
668 1487 706 1560 δι
724 1502 825 1557 tenue
844 1478 973 1569 facito,
986 1483 1026 1555 dc
1043 1480 1080 1553 in
1099 1486 1226 1557 veretri
1238 1485 1340 1584 ipsius
1362 1485 1531 1561 foramine

572 1593 739 1682 inierim,
765 1590 934 1667 continuo
961 1592 1219 1686 provocabitur.
1245 1601 1280 1666 ln
1303 1620 1370 1667 ano
1397 1597 1533 1692 panacis

571 1723 737 1805 quantum
760 1700 856 1800 digiti
877 1699 1021 1774 minoris
1034 1701 1227 1776 extremitas
1249 1705 1318 1793 est,
1332 1707 1435 1779 dabis.
1464 1708 1538 1781 Alii

572 1837 671 1909 cepta
692 1810 871 1885 acerrimas
888 1809 928 1882 δι
949 1807 1070 1882 leviter
1085 1809 1243 1882 contusas
1263 1830 1329 1884 tres
1345 1838 1404 1885 aur
1428 1815 1538 1910 quin-

572 1945 641 2020 que
662 1936 797 2015 ponunt
818 1914 855 1988 in
877 1940 1006 2004 anum,
1028 1916 1068 1989 δι
1092 1916 1137 1990 fic
1159 1918 1371 1991 deambulare
1390 1918 1542 1996 faciunt.

575 2030 632 2105 nd
653 2029 768 2104 urinas
784 2026 944 2102 inventus
962 2023 1031 2114 est,
1044 2024 1105 2122 qui
1125 2025 1288 2114 affirmat,
1308 2029 1345 2101 dt
1370 2031 1543 2124 ungulam

576 2139 657 2238 equi
671 2139 772 2236 iplius
791 2136 883 2223 radi,
905 2139 943 2210 δι
963 2134 1026 2209 reri
1045 2155 1122 2209 cum
1146 2137 1219 2211 vini
1239 2138 1401 2230 sextario,
1417 2144 1455 2215 δι
1478 2167 1540 2237 per

577 2272 675 2322 nares
696 2244 830 2319 infundi
850 2243 893 2316 ad
912 2243 1056 2317 celetem
1076 2244 1305 2319 mindionern.
1327 2247 1363 2318 Si
1379 2241 1457 2318 ¹non
1482 2250 1541 2323 tali

577 2356 710 2432 ratione
731 2351 920 2450 prodesset,
941 2352 1035 2425 betas
1059 2355 1099 2428 dt
1123 2356 1253 2427 malvas
1279 2356 1476 2452 decoques‚
1501 2363 1542 2435 δι

578 2487 698 2559 aquam
719 2484 833 2534 earum
848 2459 1012 2533 calentem
1024 2513 1036 2549 ‚
1047 2486 1125 2533 cum
1141 2463 1240 2546 melle
1258 2463 1419 2537 adnuunt
1434 2468 1541 2541 sexta-

579 2573 667 2654 rium
686 2569 821 2644 natibus
845 2566 1016 2650 infundes.
1036 2568 1070 2640 si
1090 2583 1225 2665 tempus
1248 2572 1374 2645 virides
1400 2575 1542 2675 denegat

464 2747 466 2751 .
581 2683 701 2770 cibos,
714 2680 846 2752 foenum
869 2676 1046 2752 melicrato
1069 2677 1256 2786 adspersum
1277 2684 1464 2777 praebebis:
1486 2688 1543 2760 vel

582 2791 720 2866 succum
741 2786 878 2882 ptisanae
896 2788 1092 2862 hordeacea
1106 2812 1184 2862 curn
1205 2789 1381 2864 melicrato
1395 2793 1542 2865 similiter

583 2902 689 2976 dabis.
708 2899 883 2996 Aliquanti
907 2899 1113 2973 rosmarinos
1136 2899 1353 2997 decoquunt,
1376 2905 1545 2978 &exea

585 3009 692 3086 calida
713 3006 856 3104 (telles)
878 3006 1013 3083 fovent.
1028 3006 1095 3082 Alii
1115 3006 1250 3081 cimices
1270 3008 1368 3082 tritos
1390 3010 1426 3082 in
1448 3036 1544 3085 nares

455 3137 460 3146 ’
584 3116 737 3190 animalis
764 3114 929 3202 mittunt,
955 3117 994 3186 δι
1019 3112 1123 3186 aliurn
1151 3114 1450 3210 superuacuam,
1477 3145 1546 3217 qua

586 3215 728 3321 mingit‚
750 3220 957 3309 confricant,
973 3222 1187 3296 cettiffintum
1202 3225 1333 3301 dicitur.
1346 3228 1471 3299 Portos
1484 3230 1549 3302 de·

588 3355 737 3429 coques,
757 3332 795 3404 δι
816 3328 952 3418 succum
975 3354 1094 3402 eorum
1113 3333 1279 3427 exprimes
1297 3332 1338 3403 ad
1362 3330 1549 3409 sextarium

594 3473 625 3534 1,
638 3447 675 3520 δι
689 3469 765 3518 cum
779 3440 851 3516 vini
867 3441 992 3515 veteris
1007 3442 1143 3518 hemina
1161 3444 1230 3518 olei
1242 3444 1447 3518 acetabulum
1465 3470 1551 3541 per·

590 3555 728 3638 misces,
749 3554 787 3626 bc
804 3575 863 3648 per
876 3576 990 3624 narem
1006 3552 1156 3626 dextram
1171 3553 1288 3645 dabis,
1302 3555 1552 3630 deambulando

592 3662 699 3736 ducis.
721 3662 865 3759 Vulgare
888 3662 925 3736 δι
948 3685 1068 3732 verum
1086 3659 1352 3754 esttemedium‚
1373 3663 1480 3736 lutum
1506 3668 1550 3740 de

593 3772 654 3847 uia
679 3796 723 3843 ex
749 3769 839 3843 lotio
859 3767 1086 3864 cujuscunque
1112 3768 1190 3864 equi
1223 3770 1370 3859 fabium,
1394 3772 1551 3870 vinoque

594 3882 800 3983 permixtum
820 3881 857 3954 δι
879 3878 1029 3951 colatum
1052 3877 1189 3951 naribus
1211 3880 1378 3955 infundas.
1397 3882 1475 3976 Apii
1497 3911 1554 3957 ra·

595 3993 688 4066 dices
708 4008 765 4062 aut
784 3988 960 4062 melicraro
980 3990 1135 4062 decoilas
1156 3991 1340 4085 praebebis,
1353 3994 1555 4087 pulverem·

595 4125 664 4199 que
684 4098 792 4187 turis,
814 4121 990 4195 ovumque
1007 4097 1164 4203 crudum,
1176 4124 1254 4173 cunt
1270 4098 1356 4172 vitro
1369 4104 1460 4175 dulci
1476 4130 1557 4199 per·

598 4211 726 4295 mixta,
743 4215 819 4303 [pet
836 4230 875 4279 os
896 4205 1063 4278 convenit
1083 4206 1155 4278 dari
1177 4208 1257 4279 oleo
1273 4233 1351 4283 curn
1375 4211 1460 4282 vino
1476 4239 1557 4308 per·

599 4316 733 4412 mixto]
756 4314 981 4391 &calefacto
1007 4313 1104 4412 supra
1133 4340 1227 4389 renes
1251 4318 1289 4390 ὅ(
1310 4316 1367 4389 ilia
1387 4316 1558 4419 inungens
