3875 5759
1361 872 1427 945 29¹
1574 935 1579 940 ,

475 1065 1403 1183 :VEGETIIRENATI
1537 1011 1542 1020 ’

586 1250 1330 1458 Aunrsvnrnutuamn

875 1532 1028 1599 SIVE

476 1742 1437 1903 MULOMEmCINAE

788 2013 1190 2109 crannus

715 2237 1210 2264 *m*

754 2370 1146 2448 Pnoroous
1271 2363 1275 2379 '

480 2583 848 2718 Muuomnurcmn
867 2664 919 2710 ars
932 2636 1130 2733 jamdudum
1148 2636 1238 2710 vitio
1250 2636 1441 2735 cupiditatis

480 2756 519 2826 ὅ(
543 2751 726 2848 exiguitate
750 2748 938 2837 mercedis,
955 2746 1052 2820 nullo
1074 2745 1250 2820 ssudiostus
1271 2750 1441 2840 discente,
1465 2817 1471 2829 ,

480 2863 628 2958 collapsa
651 2860 708 2933 est.
735 2859 912 2955 Numquid
937 2880 1023 2931 vero
1045 2857 1205 2954 exemplo
1233 2862 1443 2935 Hunnorum

481 2974 554 3047 five
576 2971 728 3070 gentium
753 2969 892 3042 aliarum
906 2969 987 3043 artis
1004 2969 1105 3067 ipsius
1125 2969 1226 3042 etiam
1242 2969 1317 3050 usus
1336 2972 1444 3046 inter·

483 3085 597 3171 cidet,
620 3082 699 3154 dum
721 3080 878 3154 homines
901 3079 1104 3178 refugientes
1120 3078 1281 3176 expensas
1294 3081 1446 3169 ,barbas

481 3218 599 3268 rorum
620 3188 896 3264 consuetudinem
915 3188 1040 3263 imitari
1065 3186 1153 3262 velle
1167 3188 1199 3260 se
1213 3189 1368 3265 fimulant
1379 3246 1391 3279 ,
1404 3194 1446 3267 δι
1548 3199 1554 3210 ’

482 3305 633 3378 incurata
657 3299 813 3404 animalia
838 3296 987 3372 hibernis
998 3299 1152 3396 pascuis,
1174 3301 1212 3373 δι
1230 3298 1445 3397 negligentia.

484 3411 612 3484 cafibus
631 3409 780 3481 dedunt?
801 3409 891 3499 Quae
905 3432 960 3478 res
980 3407 1066 3480 nulli
1084 3408 1349 3503 compendium,
1365 3408 1447 3505 plu-¹.

483 3519 579 3594 'rimis
593 3518 704 3590 attulit
719 3518 888 3588 damnum.
901 3516 1015 3587 Primo
1029 3517 1124 3613 quod
1136 3518 1358 3592 barbarorum
1371 3517 1447 3591 ani·
1548 3601 1555 3614 ·

431 3646 434 3651 '
485 3628 623 3704 madium
645 3627 718 3698 alia
733 3645 879 3713 naturae,
894 3626 930 3696 dt
952 3624 995 3696 ad
1009 3649 1146 3698 omnem
1158 3625 1313 3721 injuriam
1331 3627 1446 3701 durius

487 3761 614 3833 corpus
636 3734 693 3807 est.
714 3734 849 3807 Deinde
866 3732 961 3831 quod
980 3732 1026 3805 suc
1051 3732 1301 3808 instituuntura
1320 3761 1448 3832 parvu-

487 3848 549 3935 lis,
563 3866 599 3920 ut
620 3870 682 3918 nec
694 3843 870 3941 potionem
890 3842 1122 3915 medicinalem
1136 3844 1330 3941 requirant,
1344 3846 1381 3919 δι
1392 3843 1448 3915 hi·

487 3955 598 4028 bernis
613 3952 740 4051 pascuis
755 3949 909 4047 vigeant,
923 3977 961 4025 ac
975 3950 1044 4023 stne
1054 3951 1202 4047 pernicie
1218 3952 1344 4049 frigora
1357 3952 1449 4049 prui-

438 4074 442 4081 '
490 4066 614 4162 nasque
638 4064 824 4145 sustineant.
838 4062 960 4135 Nostra
986 4087 1071 4137 vero
1089 4059 1237 4155 jumenta
1254 4067 1292 4137 &
1306 4062 1448 4135 mollio·

491 4176 537 4249 ris
559 4175 685 4271 generis
708 4173 798 4257 sunt,
817 4175 855 4245 δι
877 4172 971 4246 tediis
991 4170 1281 4280 frequentioribus
1300 4169 1447 4261 adsueta,

490 4284 690 4364 calidiffimis
712 4283 812 4357 etiam
825 4283 960 4358 stabulis
978 4282 1130 4374 imbuta,
1145 4304 1224 4459 cult-n
1241 4278 1449 4378 indignatio·

1234 4410 1255 4459 2
