3875 5759
549 883 682 957 'ARTIS
708 875 928 956 VETERIN.
953 881 1051 953 SIVE
1078 882 1267 954 MULOM.
1330 883 1394 956 281

431 1043 524 1121 lant,
548 1044 585 1114 δι
600 1067 672 1113 non
688 1041 794 1113 solum
813 1040 979 1138 flagellis,
1011 1041 1067 1114 sed
1087 1043 1186 1116 eriam
1212 1044 1399 1119 calcaribus

434 1153 580 1244 caedunt,
592 1153 674 1224 dum
689 1170 746 1225 aut
759 1154 847 1224 inter
861 1154 939 1226 suos
952 1154 1170 1226 velocitatem
1187 1154 1327 1251 cupiunt
1341 1181 1400 1229 ex·

432 1261 561 1357 periri,
579 1282 637 1334 aut
649 1287 724 1334 cum
738 1263 854 1335 alienis
867 1262 1061 1336 vehementi
1074 1263 1303 1337 obstinatione
1315 1282 1402 1339 cond

435 1372 600 1461 tendunt,
623 1396 687 1444 nec
709 1392 874 1447 revocant
901 1373 1086 1470 aliquando
1114 1397 1311 1462 currentes,
1335 1371 1401 1449 nec
1485 1393 1490 1406 ·

435 1497 634 1575 temperant.
647 1506 757 1578 neque
774 1484 865 1556 enim
883 1485 925 1557 de
940 1485 1067 1557 damno
1082 1481 1214 1555 domini
1228 1483 1401 1584 cogitant,

435 1592 530 1686 quod
546 1592 653 1665 eidem
674 1593 872 1692 contingere
886 1594 1105 1694 gratulantur.
1124 1596 1243 1686 'Quam
1257 1619 1329 1666 rem
1346 1593 1402 1665 di·

435 1700 541 1797 ligens
564 1701 800 1797 paterfamilias
827 1705 956 1777 summa
978 1703 1155 1776 severitate
1182 1701 1402 1798 prohibebit,

412 1813 474 1882 ’δι
500 1810 650 1905 jumenta
673 1813 730 1885 sua
753 1813 889 1885 idoneis
913 1818 953 1885 δι
979 1804 1159 1882 moderatis
1181 1811 1405 1902 hominibus,

435 1920 679 2018 scientibusque
691 1925 831 1994 tradate
846 1920 1050 1993 committet.
1061 1917 1139 1989 Post
1152 1916 1305 1989 sudorem
1318 1945 1405 2015 quo·

433 2032 542 2129 quest
564 2034 658 2103 aestus
674 2034 712 2102 fit
720 2079 734 2117 ·‚
748 2030 848 2125 pusca
868 2055 908 2116 os
924 2028 1016 2101 ablui
1037 2028 1223 2101 convenit:
1241 2029 1265 2100 sr
1280 2030 1406 2115 hiems,

438 2139 558 2209 muria.
580 2139 711 2210 Vinum
731 2162 870 2235 quoque
894 2140 932 2213 ἃ
957 2137 1074 2210 oleum
1096 2135 1249 2212 faucibus
1273 2133 1407 2210 infundi

422 2245 614 2339 'oportebit
633 2248 672 2318 ad
697 2271 829 2327 cornu,
852 2248 960 2320 aeslate
981 2246 1163 2345 frigidum,
1182 2248 1293 2320 hieme
1311 2265 1406 2343 tepe-

438 2355 581 2441 fadum,
596 2354 641 2425 ira
656 2373 692 2426 ut
710 2354 817 2426 hieme
831 2356 914 2428 meri
929 2355 1076 2429 sextario
1088 2410 1099 2445 ,
1113 2356 1182 2428 olei
1198 2357 1308 2429 unciae
1321 2379 1406 2449 tres,
1451 2436 1453 2442 ,
1547 2445 1550 2452 Ι

439 2464 550 2535 aeslare
579 2485 688 2536 autem
718 2465 793 2538 duae
824 2468 1068 2540 tantummodo
1094 2467 1305 2538 misceantur.
1335 2467 1408 2538 Nec

440 2573 721 2646 con-venientium
742 2574 926 2670 potionum
947 2575 1047 2646 debet
1066 2600 1148 2647 cura
1171 2575 1305 2647 cessare.
1330 2602 1408 2648 nam
1524 2565 1531 2576 ’
1593 2571 1599 2588 '

438 2681 608 2777 languor,
631 2681 777 2768 macies,
798 2682 836 2752 δι
858 2680 973 2766 tuliis,
996 2681 1034 2751 δι
1063 2681 1279 2775 internorum
1306 2681 1408 2754 dolor

440 2787 539 2861 facile
564 2788 814 2874 submovetur,
838 2788 864 2856 fi
890 2786 1058 2881 sulphuris
1088 2785 1163 2857 vivi
1190 2784 1407 2860 semiunciam

441 2895 500 2991 [1.
521 2894 628 2989 scrup.
655 2883 722 2985 η]
744 2896 896 2991 myrrhae
918 2893 1026 2989 scrup.
1046 2919 1079 2984 4.
1097 2893 1248 2966 redactos
1271 2888 1409 2990 impul-⁶
1489 2931 1493 2938 ·

441 3026 585 3089 verem,
609 3024 752 3104 ovoque
767 3002 875 3082 crudo
895 3001 1075 3080 immixtos
1091 3026 1168 3074 curn
1182 3002 1315 3074 hemina
1334 3002 1408 3077 vini

384 3145 386 3149 ·
443 3112 567 3209 oprimi
590 3137 649 3208 per
666 3137 707 3186 os
723 3114 862 3186 dederis.
884 3112 940 3190 Est
953 3114 1018 3186 alia
1035 3112 1263 3201 sumtuosror‚
1279 3114 1338 3194 sed¹
1352 3139 1409 3188 ac·

443 3222 697 3312 commodatior
719 3223 818 3317 potio
837 3223 878 3295 ad
892 3247 1012 3295 omnes
1035 3222 1176 3294 morbos
1188 3276 1198 3309 ,
1210 3248 1285 3320 quae
1300 3226 1336 3295 δι
1350 3247 1409 3297 ce·

442 3332 555 3404 leriter
567 3329 688 3419 reficit,
700 3334 739 3404 δι
747 3386 759 3419 ,
775 3358 853 3405 cunt
868 3330 1068 3403 intrinsecus
1083 3330 1299 3426 purgaverit,
1313 3348 1410 3404 curat
1484 3325 1488 3332 ’

444 3463 564 3512 omnes
582 3440 744 3527 morbos,
760 3438 869 3511 tuffim
895 3434 1072 3527 veterem,
1096 3435 1309 3534 phthificos‚
1329 3437 1409 3510 vul·-

445 3548 523 3636 sos,
541 3551 580 3621 δι
594 3573 809 3646 quaecunque
829 3566 951 3619 vexata
969 3547 1044 3619 sunt
1056 3548 1092 3618 in
1108 3548 1248 3643 opertis.
1267 3545 1409 3620 Ptisanae

445 3658 627 3731 sextarium
650 3684 662 3730 1
680 3657 840 3747 ‚seminis
858 3656 919 3727 lini
933 3655 1124 3742 heminam,
1143 3655 1332 3754 soenigraeci
1347 3659 1409 3728 he·

446 3770 598 3856 minam,
622 3768 716 3842 croci
739 3767 873 3841 unciam
904 3789 1132 3854 r‚acronem
1161 3765 1280 3838 salsum
1311 3764 1409 3859 porci

447 3876 605 3976 pinguis,
619 3877 675 3949 vel
693 3876 919 3975 longanonem
929 3929 941 3965 ,
953 3876 1011 3952 vel
1025 3875 1051 3963 ⁸sr
1064 3875 1206 3972 porcina
1219 3875 1408 3962 defuerint,

448 4006 549 4083 caput
573 3982 746 4058 haedinum
771 3983 976 4081 depilatum,
997 4009 1074 4058 curn
1092 3984 1232 4080 pedibus
1251 3981 1343 4066 suis,
1369 3983 1411 4055 δι

448 4096 597 4168 cordulis
617 4094 853 4168 intestinonrm
868 4092 1020 4183 mundis,
1037 4092 1172 4193 hyssopi
1188 4091 1291 4166 fasces
1303 4092 1410 4181 diras,

452 4204 608 4278 cochleas
622 4230 794 4303 germanas
820 4227 898 4297 xv,
914 4205 1036 4278 bulbos
1058 4226 1134 4295 xv,
1151 4202 1234 4276 ficus
1259 4201 1410 4298 duplices

451 4330 530 4402 xit,
543 4331 626 4387 rutae
643 4313 840 4391 fasciculum
867 4343 910 4410 1,
933 4318 1112 4392 baccarum
1130 4310 1236 4402 lauri,
1252 4337 1331 4387 cum
1358 4311 1409 4387 vi·
