3875 5759
568 917 1420 1020 202,PALLAD1lRU'T1L'1l

567 1089 668 1187 usque
681 1088 723 1164 ad
735 1072 913 1162 medullam
927 1086 1097 1162 securibus
1108 1070 1225 1163 recisas
1238 1092 1439 1189 aliquamdiu
1453 1092 1516 1165 stae

564 1221 600 1270 re
622 1196 774 1295 patieris,
793 1215 831 1267 ut
853 1221 912 1293 per
925 1221 980 1270 eas
997 1215 1105 1293 partes
1118 1198 1257 1296 humor,
1275 1200 1299 1271 st
1313 1200 1437 1298 quisin
1451 1226 1515 1273 ve-

565 1303 619 1376 nis
636 1304 849 1395 continetur,
862 1324 1026 1379 excurrat.
1044 1305 1141 1378 utiles
1163 1323 1272 1379 autem
1287 1308 1364 1381 sunt
1376 1310 1515 1380 haema·

563 1412 676 1485 xime:
699 1410 812 1502 abies,
835 1437 932 1507 quarn
952 1411 1364 1504 Gallicam=v0cant„nifi
1379 1416 1514 1512 perlua-

563 1537 640 1606 tur,
660 1519 768 1610 levis,
790 1520 921 1619 rigida,
944 1524 981 1595 δι
1004 1521 1039 1592 in
1059 1522 1220 1617 operibus
1248 1524 1343 1597 siccis
1369 1548 1519 1620 perenne

564 1625 734 1699 durabilis.
753 1628 854 1699 Larix
870 1626 1052 1715 utilislima,
1067 1652 1110 1699 ex
1123 1652 1188 1726 qua
1206 1628 1229 1699 sr
1244 1631 1370 1701 tabulas
1384 1631 1518 1729 suffigas
1612 1667 1615 1672 r

563 1735 683 1831 tegulis
698 1735 734 1808 in
756 1735 868 1810 fronte
884 1757 985 1834 atque
999 1738 1208 1810 extremitate
1228 1740 1409 1827 rectorum,
1424 1765 1515 1831 prae·

547 1847 550 1854 ’
565 1846 684 1948 fidium
702 1868 819 1921 contra
831 1848 986 1923 incendia
999 1848 1180 1923 contulisti.
1193 1872 1302 1947 neque
1317 1850 1405 1920 enim
1418 1848 1515 1920 flam-

563 1981 651 2029 mam
668 1957 855 2053 recipiunt,
866 1977 925 2032 aut
941 1962 1107 2052 carbones
1119 1983 1229 2034 creare
1243 1958 1385 2055 possunt.
1399 1960 1516 2049 Quer-

451 2147 453 2151 ,
563 2090 623 2139 cus
634 2067 849 2156 durabilis,sr
871 2070 1011 2143 terrenis
1023 2070 1184 2167 operibus
1201 2069 1386 2155 obruatur,
1402 2070 1439 2140 δι
1451 2066 1518 2137 ali-

563 2193 728 2274 quatenus
742 2176 836 2271 palis.
846 2177 1002 2252 AEsculus
1014 2178 1165 2280 aediliciis
1177 2180 1216 2251 δι
1231 2176 1345 2250 ridicis
1355 2196 1430 2273 apra
1445 2200 1517 2246 tna·

561 2281 672 2354 teries.
685 2280 845 2354 Castanea
856 2283 937 2356 mira
956 2285 1122 2358 soliditate
1140 2287 1298 2379 perdurat
1312 2286 1348 2357 in
1359 2284 1463 2382 agris,
1477 2287 1516 2359 δι

563 2390 686 2479 tedis,
709 2394 748 2465 &
769 2394 930 2489 operibus
950 2395 1069 2468 ceteris
1088 2393 1272 2484 intestinis,
1287 2393 1381 2487 cujus
1408 2394 1518 2465 solum

565 2498 700 2595 pondus
715 2499 752 2571 in
772 2500 859 2574 vitio
882 2501 938 2576 eli.
957 2507 1062 2600 Fagus
1078 2500 1114 2572 in
1135 2500 1226 2574 sicco
1243 2499 1355 2589 utilis,
1373 2499 1520 2575 humore

544 2644 547 2649 ·
565 2608 805 2704 corrumpitur.
817 2609 969 2707 Populus
977 2630 1139 2707 utraque,
1153 2610 1191 2682 δι
1211 2604 1310 2698 salix,
1323 2611 1361 2683 δι
1376 2609 1463 2699 tilia,
1481 2610 1517 2680 in

565 2716 738 2816 scalpturis
767 2718 961 2794 necessariae.
985 2720 1102 2796 Alnus
1121 2716 1256 2793 fabricae
1282 2719 1435 2810 inutilis,
1463 2719 1520 2794 sed

488 2867 497 2878 κ
565 2826 801 2920 necessaria,1i
825 2830 980 2904 humidus
999 2823 1095 2905 locus
1118 2828 1161 2902 ad
1180 2828 1373 2926 accipienda
1395 2827 1516 2901 funda-

565 2953 678 3007 menta
693 2936 853 3031 palandus
866 2938 923 3010 eli.
945 2940 1066 3011 Ulmus
1079 2938 1116 3010 δι
1127 2934 1312 3009 fraxinussi
1332 2935 1518 3024 siccentur,

565 3040 750 3134 rigescunt,
765 3059 841 3113 ante
862 3042 1075 3125 curvabiles,
1090 3041 1213 3112 catenis
1234 3041 1330 3111 utiles
1343 3042 1515 3114 habentur.

556 3143 735 3242 'Carpinus
749 3148 923 3220 urilissima.
943 3147 1121 3242 Cuprellus
1137 3148 1277 3241 egregia.
1292 3150 1394 3219 Pinus
1408 3151 1465 3219 nist
1480 3153 1516 3222 in
1595 3186 1600 3197 ·

564 3252 712 3330 siccitate
732 3280 803 3330 non
821 3257 968 3341 durans,
988 3254 1042 3328 cui
1065 3270 1185 3326 contra
1202 3251 1344 3324 celerem
1366 3257 1516 3345 putredi-

565 3390 644 3437 nem
662 3363 814 3461 comperi
827 3361 862 3435 in
876 3360 1012 3435 Sardina
1032 3361 1100 3434 hoc
1122 3383 1243 3459 genere
1263 3359 1461 3455 provideri,
1478 3380 1516 3436 ut

565 3478 681 3552 excisae
702 3477 810 3549 trabes
833 3473 903 3568 eius
916 3528 928 3561 ,
949 3490 1007 3545 aut
1032 3471 1069 3545 in
1095 3468 1221 3567 piscina
1245 3468 1393 3565 qualibet
1422 3496 1514 3545 anno

564 3603 643 3659 toto
665 3582 779 3655 mersae
799 3582 956 3671 laterent,
968 3579 1043 3679 poll
1063 3578 1161 3674 operi
1175 3577 1387 3663 suturae3aut
1407 3580 1516 3653 arenis

566 3694 789 3767 obruerentur
807 3691 843 3766 in
866 3692 991 3780 litore,
1014 3707 1051 3761 ut
1070 3686 1314 3787 aggestionem,
1329 3713 1395 3784 qua
1420 3692 1516 3763 tede

566 3801 688 3891 essent,
708 3800 843 3874 alternis
858 3799 989 3873 rellibus
1003 3791 1214 3893 reciprocans
1231 3794 1349 3868 fluuus
1366 3797 1517 3871 allueret.

565 3909 696 3981 Cedrus
714 3906 893 3995 durabilis,
909 3906 970 3979 nisr
989 3908 1131 3979 humore
1155 3923 1318 4003 tangatur.
1337 3907 1513 3997 Quaecun·

565 4042 634 4116 que
650 4037 759 4092 autem
779 4041 821 4089 err
842 4032 934 4112 parte
955 4013 1135 4087 meridiana
1157 4014 1346 4096 caeduntur,
1362 4009 1515 4083 utiliores

566 4127 659 4201 suntr
670 4151 747 4224 quae
761 4148 845 4198 uero
866 4147 908 4195 ex
923 4119 1201 4219 septemtrionali,
1215 4117 1443 4216 proceriores,
1457 4119 1515 4193 sed

568 4235 667 4310 sacile
688 4234 860 4308 vitiantur.

616 4345 712 4421 xvt.
736 4347 813 4421 Hoc
831 4340 941 4418 mense
955 4339 1041 4417 locis
1054 4336 1169 4435 siccis,
1187 4337 1321 4432 calidis,
1337 4340 1374 4413 &
1394 4336 1512 4437 apricis
