3875 5759
535 932 609 1012 '404
704 883 1215 984 vecer1rc1'u
1266 910 1341 980 ιιι.

535 1101 582 1152 eo
604 1073 700 1176 quod
715 1071 880 1146 maximae
899 1067 1094 1143 animalium
1123 1069 1210 1168 parti
1231 1067 1382 1159 accidit3
1404 1069 1507 1145 tuliis

537 1185 608 1274 est,
623 1211 698 1282 quae
718 1181 885 1255 interdum
906 1180 1028 1276 sponte
1045 1177 1181 1267 delinit,
1196 1177 1365 1250 interdum
1391 1181 1506 1255 medi·

535 1315 769 1369 camentorum
800 1289 932 1362 ratione
955 1310 1115 1376 curatur,
1136 1287 1304 1360 interdum
1328 1286 1503 1362 insanabi-

534 1403 579 1476 lis
605 1400 736 1498 penitus
756 1397 938 1472 invenitur.
966 1397 1158 1502 Difficultas
1176 1416 1288 1469 autem
1308 1397 1501 1472 curationis

535 1508 697 1606 emergit,
715 1509 793 1605 quia
817 1505 943 1595 causes,
960 1533 1005 1579 ex
1026 1507 1147 1603 quibus
1165 1505 1257 1578 tuffis
1277 1505 1463 1596 evenerit,
1481 1533 1500 1580 a

534 1615 746 1692 medentibus
765 1639 827 1688 nec
846 1613 1096 1703 discernuntur,
1113 1637 1176 1688 nec
1190 1611 1429 1710 intelliguntur
1446 1615 1499 1687 in·

534 1725 677 1798 terdum.
694 1727 807 1820 Quam
827 1714 1010 1820 paffionerir
1025 1721 1189 1794 universis
1202 1722 1398 1795 sudoribus
1409 1748 1499 1797 evo·

531 1832 636 1923 lutis,
651 1852 783 1931 quanto
797 1832 946 1907 crebrius
956 1829 1079 1906 accidit
1090 1884 1102 1922 ‚
1114 1848 1211 1903 tanto
1225 1829 1408 1905 studiofius
1418 1858 1498 1916 ¹cre·

533 1942 645 2017 dimus
666 1943 911 2038 exponendam.

573 2051 685 2124 oxu.
706 2049 924 2147 Exasperatio
943 2069 999 2123 aut
1022 2048 1144 2144 injuiia
1164 2045 1314 2122 faucium
1340 2051 1497 2147 gravidi·

531 2183 623 2233 mam
638 2177 839 2232 commoret
853 2159 962 2231 tuffim
973 2213 984 2247 ,
994 2160 1130 2255 quoties
1141 2176 1197 2230 aut
1211 2156 1346 2253 pulvis,
1361 2160 1422 2235 aut
1432 2165 1496 2237 ari·

532 2270 602 2358 da,
617 2286 675 2340 aut
694 2292 756 2359 os,
772 2286 832 2342 aut
851 2269 1017 2357 surculus,
1033 2289 1092 2342 aut
1111 2269 1266 2366 lapillus,
1288 2287 1349 2342 aut
1367 2273 1494 2372 aliquid

533 2373 704 2449 inhaeserit
723 2375 862 2470 gutturi.
874 2376 964 2466 Quae
980 2399 1033 2446 res
1047 2377 1133 2448 adeo
1151 2374 1340 2471 periculosa
1353 2377 1419 2465 est,
1436 2401 1492 2473 ut,

530 2485 594 2559 oifi
626 2485 778 2558 celeriter
803 2485 1046 2575 subveniatur,
1071 2483 1271 2558 animalibus
1294 2509 1358 2580 per
1384 2486 1494 2585 impa-

531 2592 683 2668 tientiam
698 2593 827 2667 doloris
843 2593 1002 2666 insaniam
1023 2611 1167 2690 generet.
1180 2595 1218 2665 ln
1233 2591 1304 2664 sole
1324 2593 1431 2692 igitur
1443 2598 1491 2672 di·

529 2704 676 2805 ligentur
696 2701 920 2801 inspicito',sr
941 2702 1025 2800 quid
1038 2701 1187 2790 lraeserit,
1204 2702 1360 2778 evellito.
1376 2707 1427 2778 Ex
1444 2726 1490 2780 te·

530 2817 611 2913 pida
635 2815 760 2903 etiam,
777 2815 894 2888 addito
915 2814 998 2887 nitri
1021 2811 1188 2909 pulvere,
1203 2810 1323 2893 ,infusa
1351 2813 1489 2916 spongia

529 2924 666 3019 tergito.
680 2921 814 2994 Deinde
828 2923 908 2995 oleo
922 2920 1062 2994 rosaceo
1077 2919 1193 3016 tepido
1206 2944 1284 2994 cum
1296 2919 1375 2995 lana
1387 2927 1489 2999 obtu-

528 3047 607 3102 rato
624 3031 760 3119 locum,
776 3029 841 3124 qui
860 3029 1129 3126 indignationem
1150 3029 1297 3106 sustinet.
1311 3032 1390 3105 Post
1403 3034 1488 3109 diem

528 3136 667 3207 tertium
684 3136 794 3207 lanam
815 3130 948 3228 ejicies,
965 3138 1079 3210 eadem
1098 3163 1240 3237 eraque
1259 3141 1364 3223 calida
1384 3143 1488 3220 fove·

527 3240 602 3327 bis,
617 3243 654 3315 δι
671 3241 734 3313 tale
755 3241 1032 3315 medicamentum
1048 3243 1208 3341 imponis.
1226 3245 1353 3323 succari
1374 3249 1488 3346 scrup.
1575 3264 1580 3293 '·

420 3348 425 3357 ’
528 3371 703 3449 quatuor,
726 3351 882 3424 aluminis
901 3352 1005 3425 colati
1024 3351 1132 3451 scrup.
1154 3384 1167 3429 1
1191 3382 1236 3430 ex
1257 3356 1371 3456 tepido
1394 3357 1483 3433 vino

527 3459 704 3548 infundet,
720 3461 758 3534 δι
775 3458 822 3533 fic
841 3459 1031 3557 exasperata
1051 3461 1190 3536 sanabis.
1574 3522 1578 3531 .

592 3567 711 3641 LXIII.
739 3570 790 3641 Ex
817 3568 1035 3666 perfridlione
1053 3597 1194 3670 quoque
1217 3571 1360 3646 nascitur
1382 3572 1486 3651 tulliS.

528 3673 624 3769 cujus
639 3673 698 3747 ista
711 3674 786 3748 sunt
798 3676 886 3773 signa
898 3705 908 3750 r
920 3679 1008 3750 Cum
1029 3678 1190 3766 tuffierit,
1210 3696 1312 3776 caput
1329 3677 1485 3753 deorsum
1573 3692 1575 3697 '

528 3782 633 3876 mittit
649 3782 750 3880 usque
769 3785 811 3856 ad
833 3804 977 3877 terram,
991 3790 1116 3860 &cum
1129 3784 1268 3876 biberit,
1284 3778 1415 3884 aqua'ei
1428 3813 1485 3884 per

444 3987 449 3992 .
527 3916 625 3966 nares
650 3892 764 3967 currit.
787 3894 900 3985 Quam
919 3894 983 3968 hac
1006 3895 1138 3967 tatione
1163 3894 1322 3971 curabis:
1350 3899 1488 3972 Machi-

459 4076 464 4093 Χ
526 4025 603 4076 nam
627 3999 682 4073 ori
703 4000 845 4090 inseres,
859 4028 996 4094 manum
1023 4005 1153 4100 planam
1174 4006 1326 4099 injicies,
1343 4006 1489 4107 compel

525 4113 597 4193 ries·
612 4110 647 4181 in
670 4132 762 4207 parte
781 4110 952 4208 superiore
964 4116 1055 4212 quasi
1078 4117 1278 4206 vesiculam,
1296 4143 1400 4215 quam
1422 4147 1490 4194 un·

484 4268 487 4275 ·
526 4223 648 4317 guibus
673 4222 809 4317 rumpis.
840 4224 975 4297 Deinde
997 4245 1063 4299 tres
1088 4227 1209 4324 pilulas
1232 4227 1318 4300 bene
1345 4232 1491 4306 contusa

527 4327 671 4427 axungia
691 4327 897 4405 molliffimas
911 4327 1012 4405 facies
1019 4385 1034 4433 y,
1048 4357 1130 4430 quas
1143 4333 1179 4407 in
1200 4327 1418 4414 subtiliffimo
1434 4340 1491 4416 los
