3875 5759
565 942 613 1012 74
686 905 1428 992 rutrnnrrrurrsr'r

564 1079 695 1153 vimine
715 1090 826 1174 parva'
838 1079 1027 1167 corbicuia,
1041 1106 1116 1174 quae
1139 1080 1325 1151 mensuram
1342 1079 1451 1175 pedis,
1468 1079 1526 1152 vei

463 1245 467 1256 .
561 1189 733 1285 aliquanto
750 1190 882 1276 minus,
897 1190 1016 1263 circini
1037 1189 1143 1285 spatio
1158 1190 1258 1285 posfit
1271 1190 1435 1285 ampiesii.
1452 1192 1538 1263 haec·

475 1338 479 1344 ·
559 1300 602 1370 ad
625 1300 802 1386 arborem,
816 1300 870 1371 cui
895 1298 975 1370 vitis
995 1299 1150 1383 inhaeret,
1170 1297 1294 1387 sertur,
1317 1304 1352 1371 δι
1371 1300 1405 1370 in
1429 1298 1529 1371 fundi·

561 1410 670 1481 media
684 1434 776 1503 parre
796 1409 1031 1505 pertunditur,
1046 1433 1117 1507 quo
1133 1408 1287 1481 sarmenti
1304 1408 1430 1508 virgam
1446 1412 1527 1506 pos·

558 1517 599 1591 stt
622 1519 805 1591 admittere.
833 1520 973 1609 indusio
1002 1519 1113 1613 itaque
1133 1518 1302 1591 sarmento
1325 1520 1405 1592 vitis
1431 1518 1529 1612 ejus,
1581 1575 1583 1578 ψ

559 1627 601 1698 de
615 1652 681 1723 qua
701 1628 880 1700 transferre
894 1628 1047 1724 disponis
1060 1680 1071 1717 ,
1087 1624 1259 1700 corbicula
1274 1626 1342 1722 ipsa
1354 1652 1397 1699 ex
1414 1629 1528 1726 aliqua

558 1736 690 1808 arboris
713 1756 806 1830 parte
826 1734 1059 1834 suspenditur,
1079 1738 1117 1809 be
1136 1735 1219 1806 viva
1242 1751 1328 1807 terra
1353 1737 1522 1831 repletur,

556 1864 594 1915 ut
616 1845 815 1916 sarmentum
837 1850 924 1918 ter'ra
945 1844 1045 1940 possit
1072 1844 1224 1932 includi,
1238 1846 1332 1942 quod
1354 1844 1524 1948 [sarmen-

557 1962 649 2046 tum]
675 1955 767 2049 prius
789 1956 1017 2052 intorquetur.
1034 1958 1080 2027 ita
1094 1955 1214 2027 exasio
1237 1954 1341 2028 annui
1361 1956 1527 2050 temporis

556 2063 663 2160 spatio
676 2118 687 2150 ,
700 2064 921 2150 sarmentum,
935 2064 1029 2160 quod
1049 2062 1195 2135 clausum
1209 2061 1272 2150 est,
1286 2062 1411 2137 radices
1427 2088 1524 2136 crea·

556 2174 607 2245 bit
633 2174 720 2243 intra
751 2174 939 2266 praedidam
969 2172 1189 2246 corbicuiam.
1215 2190 1297 2246 tunc
1331 2173 1389 2245 sub
1414 2173 1523 2246 fundo

555 2284 674 2355 corbis
688 2280 834 2372 incisum
845 2282 1029 2352 radicatum
1043 2280 1245 2353 sarmentum
1266 2307 1342 2354 cum
1359 2283 1426 2378 ipsa
1441 2310 1521 2357 cor-

554 2392 598 2464 be
623 2391 814 2484 portabitur
836 2381 876 2461 ad
900 2390 1016 2463 iocum
1032 2444 1043 2477 ,
1062 2414 1162 2486 quem
1187 2392 1521 2486 vitibusarbusiivis

554 2500 730 2604 destinabis
751 2498 917 2595 impiere,
945 2498 1060 2597 ibique
1088 2501 1251 2571 obruetur
1277 2503 1362 2574 circa
1389 2502 1520 2575 arboris

483 2627 488 2637 '
553 2612 748 2684 maritanda
769 2611 908 2683 radices.
936 2612 1015 2684 Hoc'
1042 2636 1163 2708 genere
1186 2632 1345 2708 quantum
1370 2615 1522 2689 volueris

552 2744 729 2792 numerum
753 2718 877 2793 vitium
896 2718 1100 2812 transferes,
1116 2721 1185 2833 stne
1210 2723 1423 2824 ambiguitate
1440 2750 1520 2821 pre·

444 2867 446 2871 ¹
550 2828 732 2927 hendendi.
1357 2886 1373 2898 .

1124 2917 1134 2940 1

599 2941 661 3014 Xi.
685 2938 803 3011 Vineae
826 2937 861 3010 in
884 2938 1077 3036 provinciis
1095 2942 1211 3015 inuitis
1222 2943 1401 3052 generibus,
1413 2942 1521 3019 fiunt:

550 3050 607 3123 sed
627 3047 793 3144 optimum
823 3075 929 3149 genus
953 3051 1023 3137 est,
1037 3054 1095 3121 ubi
1117 3052 1196 3123 vitis
1224 3054 1318 3124 veiut
1336 3055 1521 3128 'arbuscuia

550 3159 612 3232 siat
630 3160 726 3234 brevi
742 3187 844 3234 crure·
856 3162 1005 3235 fundata.
1027 3162 1109 3232 Haec
1122 3161 1237 3257 primo
1262 3161 1392 3232 calamo
1414 3160 1517 3257 juva·

549 3290 607 3342 tur
620 3324 631 3357 ,
653 3272 763 3345 donec
781 3269 960 3345 solidetur:
974 3269 1029 3343 sed
1043 3270 1144 3352 altior
1157 3269 1349 3366 sesquipede
1366 3272 1429 3342 esse
1443 3298 1517 3347 non

460 3385 463 3391 ’
549 3382 673 3454 debet:
695 3384 752 3455 ubi
768 3383 903 3456 robusia
926 3380 1048 3468 fuerit,
1062 3380 1132 3486 sola
1144 3380 1319 3456 consistet.
1335 3381 1436 3454 Aliud
1456 3408 1516 3480 ge·

547 3516 612 3565 nus
626 3492 690 3579 est,
707 3492 741 3564 in
755 3518 825 3589 quo
838 3493 956 3588 cannis
974 3491 1127 3589 pluribus
1146 3490 1236 3566 circa
1250 3490 1432 3586 dispositis,
1445 3492 1522 3588 ipsa'

437 3611 441 3618 '
548 3602 630 3675 vitis
646 3626 704 3695 per
719 3602 842 3676 cannas
855 3603 1029 3676 sarmentis
1041 3603 1148 3700 ligatis
1163 3602 1199 3674 in
1222 3603 1396 3677 orbiculos
1409 3603 1514 3677 fletri-

546 3737 604 3789 rur
623 3712 654 3785 se
676 3712 859 3811 sequentes.
879 3714 1021 3797 Ultimae
1044 3713 1222 3809 positionis
1242 3714 1322 3787 vitis
1343 3715 1415 3803 est,
1437 3720 1514 3811 qirae

546 3849 607 3921 per
628 3840 749 3896 terram
774 3822 922 3918 projesia
938 3821 1128 3897 discumbit.
1147 3825 1210 3896 Hae
1224 3847 1343 3897 omnes
1364 3827 1400 3896 &
1417 3823 1512 3896 scro-

546 3934 647 4007 bibus
664 3952 860 4024 ponuntur,
875 3936 913 4006 &
924 3932 1042 4006 sulcis.
1061 4000 1063 4004 .

493 4057 495 4060 ’
594 4045 670 4116 Xii.
686 4045 763 4113 Hoc
776 4041 887 4131 mense
900 4042 987 4116 iocis
1005 4041 1135 4138 frigidis
1147 4042 1357 4139 aliquatenus
1373 4042 1410 4114 δι
1422 4060 1510 4113 tern-

546 4154 669 4247 peratis
691 4149 814 4223 vitium
835 4149 916 4242 jussa
940 4150 1072 4246 putatio
1093 4150 1187 4242 [esi]
1212 4153 1297 4237 Sed,
1312 4148 1370 4221 ubi
1395 4149 1512 4223 muitae

547 4259 622 4331 sunt
647 4261 779 4348 vinear,
800 4258 1017 4349 dividantur,
1033 4265 1070 4333 δι
1096 4275 1172 4356 pars
1196 4284 1328 4341 earum,
1351 4284 1429 4355 quae
1448 4260 1508 4329 Se·
1537 4335 1540 4346 ,

548 4371 790 4465 ptemtrionem
802 4357 977 4469 respiciet,
991 4389 1265 4472 vernoputettrr3
1280 4368 1343 4442 alia
1360 4394 1436 4469 pars
1448 4366 1508 4441 ad·
1535 4359 1537 4364 ’
1591 4407 1600 4424 ·
