3875 5759
610 916 742 987 auus
767 915 982 986 versum.
1009 914 1107 985 uva
1133 875 1318 988 uuuou.
1351 939 1447 1013 -437

391 1061 419 1094 ”
490 1074 548 1145 vel
571 1074 807 1147 convalescere
821 1072 885 1168 jam
910 1074 1100 1170 coeperint,
1121 1099 1197 1146 cum
1216 1075 1351 1149 vino&
1366 1075 1447 1147 oleo
1498 1146 1501 1154 ,

490 1187 643 1280 plurimis
653 1186 769 1258 diebus
781 1187 874 1258 dabis
885 1241 894 1274 ,
905 1188 1016 1259 donec
1030 1184 1152 1257 animal
1163 1185 1335 1266 liberetur,
1346 1209 1447 1282 quam

453 1330 455 1334 >
490 1295 719 1367 validislimam
744 1300 782 1368 δι
808 1295 1026 1391 approbatam
1049 1294 1189 1367 noveris
1209 1294 1398 1391 potionem.

530 1400 613 1473 Xll.
634 1404 909 1475 Suffimentorum
934 1402 1139 1499 compositio
1160 1401 1318 1474 fascinum
1334 1402 1447 1498 pellit,

489 1512 605 1583 lustrat
621 1512 763 1602 animal,
778 1512 871 1610 fugat
889 1515 1083 1599 daemones,
1097 1512 1275 1586 submovet
1294 1511 1445 1583 morbos.

392 1652 394 1656 ·
489 1623 591 1693 Odor
606 1647 749 1720 namque
771 1622 855 1695 sumi
878 1649 918 1695 ac
939 1622 1072 1718 spiritus
1093 1646 1153 1716 per
1173 1646 1212 1693 os
1234 1646 1381 1706 acuares
1395 1620 1447 1692 in·

489 1730 664 1825 grediens,
683 1750 835 1825 penetrat
849 1732 891 1803 ad
911 1730 1076 1803 viscerum
1096 1729 1395 1834 omneslrecellus,
1407 1756 1446 1801 ac

487 1855 581 1934 curat
592 1839 709 1934 saepius
722 1838 797 1913 loca
811 1893 822 1930 ,
836 1864 913 1933 quae
927 1836 1087 1931 potiones
1101 1858 1171 1905 non
1188 1852 1373 1929 potuerunt
1388 1862 1444 1906 cu«
1466 1913 1468 1918 .

487 1970 568 2022 rare.
582 1947 691 2018 Etiam
705 1946 739 2018 iu
753 1946 949 2017 bominibus
961 1944 1226 2015 suffimentorum
1240 1966 1351 2038 vapor
1363 1968 1445 2036 prae·
1557 1987 1563 2013 0

487 2055 585 2149 cipue
602 2056 763 2151 sequitur.
780 2054 940 2151 Denique
965 2053 1155 2150 desperatos
1176 2055 1214 2128 δι
1235 2051 1445 2149 periculosis·
1484 2072 1487 2080 ’

486 2163 587 2234 simos
612 2165 754 2235 morbos
787 2165 941 2236 auuores
971 2164 1242 2239 mulomedicinae
1270 2162 1445 2253 afferunt,

486 2296 558 2341 non
582 2296 624 2343 ex
638 2271 763 2367 pabulo
778 2291 837 2345 aut
858 2293 1019 2370 aquatum
1037 2273 1143 2364 vitio,
1156 2274 1209 2346 sed
1223 2274 1308 2347 aeris
1327 2297 1444 2346 corru-

485 2380 605 2478 ptione
633 2381 843 2455 descendere.
879 2388 922 2457 Et
951 2385 1030 2457 ideo
1060 2371 1193 2459 facilius
1220 2386 1444 2481 languorem,

484 2520 585 2591 quem
614 2495 768 2591 pestilens
788 2498 929 2571 morbus
950 2498 1101 2595 ingeffit,
1116 2498 1293 2570 suffimenti
1309 2495 1445 2566 salubris

483 2603 580 2697 hujus
599 2625 694 2677 curat
714 2605 853 2677 afflatus.
880 2610 925 2675 At
949 2609 1024 2676 talis
1046 2605 1251 2699 compositio
1275 2602 1441 2674 suffimen·

484 2707 596 2783 torusn
614 2712 810 2805 :Sulphuris
829 2711 904 2785 vivi
919 2712 1061 2800 libram,
1077 2711 1250 2784 bituminis
1261 2710 1387 2782 ludaici
1402 2711 1442 2780 li·

483 2823 600 2910 bram,
615 2821 824 2915 opopanacis
847 2820 1006 2909 unciam,
1028 2820 1160 2920 galbani
1186 2820 1356 2907 selibram,
1383 2844 1441 2891 ca·
1482 2893 1486 2904 ,

484 2927 587 2999 llorei
603 2928 779 3016 selibram,
795 2927 913 3001 ciceris
933 2930 1029 3002 crudi
1050 2928 1226 3018 selibram,
1241 2926 1351 3000 albitis
1369 2926 1440 2999 seli·

483 3037 596 3126 bram,
613 3036 687 3110 salis
706 3026 922 3113 ammoniaci
943 3040 1059 3115 uncias
1083 3059 1168 3130 tres,
1189 3038 1307 3111 rasurae
1331 3064 1457 3112 cornu.

484 3146 614 3219 cervini
638 3147 754 3221 uncias
776 3169 863 3239 tres,
880 3149 1042 3246 finopidis
1064 3150 1179 3225 uncias
1202 3153 1290 3239 tter,
1315 3148 1441 3247 gagatis

483 3254 617 3328 feminae
649 3258 767 3330 uncias
795 3276 889 3345 tres,
910 3258 1030 3354 lapidis
1054 3258 1177 3357 gagatis
1203 3260 1321 3331 uncias
1345 3259 1440 3356 tress,

482 3364 602 3458 lapidis
620 3366 762 3438 emeritis
785 3365 919 3437 unciam
938 3391 1063 3457 unam,
1079 3367 1195 3462 lapidis
1219 3365 1358 3438 sideritis
1373 3394 1467 3454 ura-‚¹

483 3475 568 3542 ciam
582 3499 705 3562 unam,
720 3472 840 3567 lapidis
858 3474 1014 3569 argyritis
1036 3474 1170 3548 unciam
1186 3500 1309 3563 unam,
1326 3474 1439 3546 cabal-

482 3579 593 3652 lioues
612 3581 762 3653 marinos
775 3579 919 3675 septem,
934 3580 1040 3655 stellas
1051 3582 1195 3655 marinas
1208 3602 1371 3680 quatuor,
1387 3584 1439 3679 pi·
1504 3593 1506 3606 ¹

481 3686 530 3759 las
551 3687 695 3760 marinas
709 3687 852 3784 septem,
868 3688 987 3761 caudas
999 3689 1142 3763 marinas
1154 3691 1298 3787 septem,
1310 3716 1440 3787 ungues

481 3796 632 3869 marinos
651 3796 799 3893 septem,
814 3822 893 3869 uvae
912 3797 1050 3870 marinae
1070 3800 1184 3873 uncias
1205 3818 1295 3886 tres,
1312 3800 1439 3871 medul-

481 3903 524 3975 lae
547 3904 633 3976 tedae
649 3904 759 4002 pineae
774 3906 924 3999 pondera
945 3906 1030 3997 tria,
1043 3908 1164 3980 cedriae
1178 3909 1325 4004 pondera
1349 3906 1438 3999 tria,

482 4012 566 4107 picis
587 4015 721 4113 liquidae
734 4015 885 4112 pondera
907 4016 995 4107 tria,
1015 4017 1084 4089 olla
1100 4017 1198 4115 sepiae
1214 4020 1348 4113 septem.
1366 4020 1439 4093 haec

482 4121 603 4193 siccata
624 4124 749 4218 pariter
769 4111 966 4199 deteruntur
988 4146 1087 4224 atque
1100 4125 1290 4200 miscentur.
1306 4141 1349 4198 ex
1363 4126 1439 4225 qui·

418 4225 420 4228 ’
483 4230 546 4301 bus
566 4255 670 4304 unum
692 4234 890 4325 cochleare,
910 4260 990 4313 eum,
1006 4259 1093 4331 opus
1113 4234 1238 4325 fuerit,
1259 4235 1349 4315 vivis
1366 4225 1440 4309 car·¹

483 4338 630 4416 bonibus
654 4342 818 4443 aspergis,
841 4347 1068 4443 &cooperto
1093 4344 1224 4445 eapite,
1245 4363 1284 4421 ut
1307 4344 1438 4422 sumum
1549 4379 1553 4387 ·

827 4487 831 4495 ¹
1157 4458 1247 4554 Ee3
1345 4519 1348 4524 ⁴
1398 4525 1404 4534 ,
