3875 5759
618 864 749 935 nans
775 863 986 938 uratum.
1011 863 1111 934 uua
1137 865 1323 939 uutou.
1385 892 1453 957 421

497 1022 741 1121 diligenterque
772 1024 932 1122 operies,
957 1042 996 1097 ut
1020 1023 1123 1098 sudet.
1149 1026 1220 1098 Hac
1246 1026 1375 1103 ratione
1406 1028 1457 1111 sa·¹

497 1131 642 1204 trabitur.
712 1161 719 1165 ·
1244 1199 1247 1204 .

435 1295 439 1302 .
543 1243 703 1313 Lxxxt
718 1240 750 1313 Si
763 1240 958 1339 phalangius
974 1240 1163 1336 jumentum
1182 1246 1390 1342 percusserit,
1404 1248 1456 1330 his

494 1353 668 1447 apparebit
685 1353 829 1428 indiciis.
850 1356 919 1424 Stat
938 1353 969 1424 ei
990 1370 1158 1427 veretrum
1181 1380 1250 1450 prae
1264 1357 1400 1449 dolore,
1415 1364 1454 1437 δι

493 1462 624 1534 videbis
644 1463 734 1537 velle
753 1464 914 1563 mingere.
938 1463 994 1537 cui
1018 1464 1077 1536 ista
1101 1466 1231 1538 ratione
1254 1468 1457 1543 subvenies:

493 1571 620 1664 Piperis
635 1572 768 1645 [ruciam
784 1599 903 1660 unam,
919 1571 1073 1671 pyrethri
1086 1572 1238 1660 unciam,
1252 1600 1331 1647 uvae
1353 1575 1455 1649 silva·

492 1679 567 1753 ticae
590 1670 741 1772 unciam,
757 1682 885 1772 terito,
907 1686 945 1757 δι
971 1696 1049 1753 cum
1069 1680 1155 1752 vino
1181 1682 1288 1754 veteri
1308 1708 1368 1779 per
1383 1684 1455 1766 saue

486 1792 549 1883 'ces
571 1789 664 1864 dato.

538 1904 713 1976 LXXXII.
735 1905 811 1975 Mus
832 1924 971 1973 araneus
997 1899 1094 1995 pellis
1110 1914 1300 1996 venenata,
1321 1902 1358 1974 &
1379 1920 1452 2001 'tant

489 2011 607 2108 equis,
622 2039 723 2109 quam
737 2013 849 2082 bobus
860 2008 997 2110 ,noxia
1012 2027 1110 2104 atque
1131 1999 1232 2095 ideo,
1248 2035 1323 2081 cum
1337 2011 1454 2105 captus

488 2118 611 2218 suerit,
634 2120 757 2190 mersus
778 2117 954 2191 necabitur
975 2118 1014 2189 in'
1035 2118 1266 2217 oleo,ibique
1283 2119 1317 2191 in
1335 2140 1453 2214 putre·

488 2227 602 2301 dinem
627 2230 771 2301 vertitur
784 2284 795 2317 ,
818 2254 861 2300 ex
887 2252 959 2323 quo
981 2226 1254 2317 medicamento,
1276 2237 1352 2301 cu'nr
1380 2229 1452 2302 ani·

488 2338 555 2430 mal
581 2339 779 2429 mordetur,
802 2339 895 2435 plaga
924 2336 1066 2428 linitur,
1091 2340 1290 2412 &curatur
1316 2338 1452 2414 a'nimal.

487 2450 551 2520 Vel
572 2449 595 2521 si
615 2450 773 2521 inventus
796 2475 866 2522 non
885 2448 1009 2537 suerit,
1029 2449 1207 2547 cyminum
1232 2448 1347 2520 tritum
1370 2475 1449 2524 curn
1480 2450 1482 2453 ⁴

484 2557 566 2653 pice'
578 2553 703 2656 liquida
724 2557 935 2655 axungiaque
955 2558 1134 2643 miscetur,
1148 2560 1189 2637 ad
1208 2558 1448 2652 spissitudinem

485 2668 691 2765 malagmatis
709 2667 889 2763 coquitur,
907 2664 1168 2759 impositumque
1184 2688 1208 2749 ,a
1228 2662 1381 2758 periculo
1406 2664 1450 2733 li·

485 2778 580 2850 berar
593 2778 630 2849 &
643 2775 742 2848 sanat.
753 2773 868 2866 'Quod
883 2772 906 2843 si
922 2771 956 2842 in
977 2767 1249 2865 suppurationem
1264 2768 1365 2843 suerit
1380 2771 1450 2866 pla·

484 2908 525 2980 ga
547 2881 732 2969 conversa,
747 2880 870 2951 lamina
888 2879 993 2953 serrea
1008 2877 1165 2951 candenti
1184 2880 1364 2974 aperienda
1378 2880 1451 2965 est,
1562 2881 1566 2935 Ῑ

484 2995 538 3079 dr,
552 2990 716 3087 quidquid
741 2989 903 3062 vitiosum
925 2989 999 3076 esl',
1019 2988 1247 3077 inurendum,
1271 3006 1372 3086 atque
1400 2991 1448 3064 ita

484 3099 559 3194 pice
572 3099 697 3198 liquida
711 3099 767 3172 vel
781 3100 862 3172 oleo
875 3099 1075 3173 curandum.
1094 3099 1147 3169 Ne
1161 3118 1273 3171 autem
1287 3124 1362 3171 mus
1375 3125 1448 3174 ara·

485 3232 568 3279 neus
580 3208 703 3281 animal
713 3209 887 3297 mordeat,
900 3208 1008 3305 ipsum
1023 3206 1147 3279 animal
1163 3206 1282 3281 vivum
1300 3208 1448 3283 decreta

483 3314 770 3408 circumdabitur,
790 3342 866 3414 quae
887 3343 965 3391 cum
989 3314 1221 3406 induraverit,
1238 3316 1448 3413 suspenditur

482 3423 518 3497 in
546 3424 700 3516 collum,
723 3427 760 3498 δι
788 3449 859 3495 non
885 3424 1136 3520 contingetura
1157 3422 1283 3497 morsu.
1311 3425 1449 3499 certiffis

484 3560 576 3605 mum
603 3534 659 3607 ess.
687 3532 856 3606 Adversus
882 3532 1031 3606 morsum
1057 3535 1302 3630 comprobatur
1330 3534 1447 3611 allium
1533 3571 1537 3579 ·

482 3643 598 3714 tritum
621 3665 698 3715 euru
722 3641 836 3731 nitr0,
857 3642 917 3731 &‚
933 3632 1095 3716 sinitrum
1110 3644 1275 3734 defuerit,
1291 3672 1368 3720 cum
1382 3644 1447 3720 sale

482 3749 521 3824 δι
542 3749 686 3848 cymino
708 3748 930 3853 permiscere,
945 3769 1045 3849 atque
1068 3776 1109 3824 ex
1126 3776 1170 3825 eo
1190 3753 1331 3850 pulvere
1350 3755 1446 3842 loca.

481 3884 557 3955 quae
572 3857 685 3930 morsu
700 3858 854 3931 contasla
872 3858 965 3949 sunt,
982 3857 1183 3934 confricare.
1198 3862 1305 3953 Quod
1325 3861 1349 3932 fi
1364 3885 1445 3935 eru·

482 3967 593 4061 perint
612 3968 752 4040 vulnera
773 3985 959 4055 venenata,
980 3968 1147 4042 hordeum
1169 3969 1383 4044 combustum
1408 3970 1445 4046 in

481 4076 657 4168 pulverem
679 4077 830 4173 rediges,
849 4080 887 4152 δι
911 4078 1021 4151 diluto
1039 4097 1143 4153 aceto
1159 4079 1295 4153 vulneri
1314 4080 1446 4177 insper-

482 4204 562 4276 ges‚
587 4185 625 4256 δι
646 4184 709 4259 hac
736 4183 868 4271 ratione
894 4184 966 4258 sola
991 4185 1143 4262 curabis:
1160 4188 1298 4261 daturus
1324 4188 1445 4285 potio·

482 4312 581 4381 nem,
596 4291 760 4389 pollinem
780 4292 905 4390 tritici,
928 4296 1117 4392 hordeum,
1133 4296 1348 4391 cedrium&
1370 4295 1445 4376 vini
