3875 5759
593 873 640 965 84
711 867 1093 979 ¹PALLADll
1141 870 1460 945 RUTlLll

591 1034 712 1127 siquae
729 1027 803 1100 sunt
825 1027 861 1098 in
882 1026 1065 1105 seminariis
1085 1027 1232 1124 plantae,
1253 1028 1552 1108 circumfodiendae

589 1141 682 1227 sunt,
697 1141 733 1211 &
747 1138 941 1261 amputandi
955 1135 1003 1211 eis
1017 1137 1102 1209 rami
1112 1136 1292 1234 superflui,
1304 1141 1362 1212 vel
1374 1141 1554 1233 radiculae,

588 1272 673 1347 quas
696 1247 785 1320 circa
807 1247 842 1318 in
861 1246 1043 1342 superiore
1057 1265 1150 1343 parte
1172 1247 1345 1322 miserunt

631 1352 736 1428 XXI.
760 1357 838 1428 Hoc
851 1353 963 1429 mense
975 1354 1101 1427 rosana
1114 1354 1329 1431 censeremus
1337 1384 1442 1457 quar
1456 1359 1554 1434 sulco

588 1466 786 1541 brevissimo
810 1485 867 1537 aur
881 1459 1067 1538 scrobibus
1090 1466 1249 1561 ponenda
1274 1466 1371 1555 sunt,
1392 1470 1452 1541 vel
1476 1472 1551 1543 vir·

585 1575 711 1674 gultis,
733 1574 791 1646 vel
815 1573 916 1646 etiam
942 1572 1078 1646 semine.
1105 1572 1239 1644 Semina
1262 1592 1373 1647 autem
1396 1577 1548 1651 rosarum

469 1702 474 1739 ¹
585 1712 659 1760 non
681 1705 835 1782 putemus
856 1682 988 1757 medios
1010 1682 1174 1757 flosculos
1193 1685 1257 1756 effe
1280 1686 1376 1771 aurei
1396 1688 1549 1780 coloris,

584 1821 662 1894 qua
673 1795 758 1868 rosae
769 1793 925 1881 suerunt,
940 1794 996 1864 sed
1007 1793 1125 1866 baccas
1138 1793 1313 1883 nutriunt,
1324 1818 1409 1893 quas
1421 1796 1457 1869 in
1470 1799 1548 1870 bre·

583 1903 706 1979 riffimi
719 1902 785 2000 piri
798 1900 1048 1975 similitudinem
1062 1903 1177 1997 plenas
1191 1899 1370 1976 seminibus
1382 1906 1458 1999 post
1471 1907 1547 1978 viu·

582 2011 727 2085 damiam
747 2009 892 2082 reddunt
903 2027 1071 2098 maturas,
1085 2034 1227 2106 quarum
1242 2029 1353 2083 tamen
1371 2014 1545 2089 maturitas

582 2150 626 2197 ex
645 2122 763 2198 colore
776 2119 872 2196 susco
887 2120 1080 2194 &mollitie
1094 2119 1221 2215 poterit
1235 2121 1400 2196 aeslimari.
1422 2124 1457 2195 si
1474 2151 1544 2222 qua
1564 2142 1566 2147 '

581 2228 774 2321 etiamsunt
790 2228 927 2325 antiqua
945 2226 1088 2316 rosaria,
1102 2228 1169 2301 hoc
1184 2251 1340 2324 tempore
1358 2231 1542 2306 circumso-

565 2330 719 2435 ¹'diuntur
739 2337 874 2411 sarculis
895 2338 953 2411 vel
976 2335 1144 2427 dolabris,
1164 2341 1201 2413 δι
1226 2337 1360 2429 ariditas
1382 2340 1541 2415 universa

579 2449 751 2523 reciditur.
778 2450 882 2520 Nunc
906 2448 1140 2545 &quaeram
1164 2449 1261 2539 sunt,
1280 2449 1417 2546 possunt
1442 2453 1542 2526 duda

578 2560 752 2656 uirgarum
773 2557 960 2654 propagine
983 2556 1141 2653 reparari.
1164 2558 1199 2630 si
1225 2558 1334 2665 rosam
1357 2561 1540 2655 temperius

576 2670 701 2742 babere
723 2666 895 2755 volueris,
916 2662 1050 2757 duobus
1066 2665 1185 2762 palmis
1204 2668 1245 2741 ab
1263 2691 1302 2740 ea
1322 2667 1396 2765 [in]
1414 2696 1540 2768 gyrum

575 2779 708 2873 fodies,
729 2780 767 2852 δι
786 2801 873 2875 aqua
893 2776 1001 2869 calida
1019 2774 1083 2855 h'n
1092 2774 1249 2874 rigabis
1238 2802 1275 2851 ιιι
1293 2778 1360 2851 die.
1383 2775 1540 2855 Nunc&

574 2889 726 2963 liliorum
741 2888 863 2959 bulbos
878 2911 1067 2982 ponemus,
1086 2886 1143 2960 vel
1157 2887 1227 2960 lilia
1242 2908 1321 2963 ante
1342 2889 1455 2962 habita
1468 2890 1538 2963 sar·

573 3000 699 3072 riemus
717 2994 844 3067 summa
865 2995 1056 3092 diligentia,
1059 3022 1113 3079 ne
1134 2997 1308 3071 oculos
1278 3024 1369 3072 circa
1389 3000 1537 3076 radicem

574 3099 766 3190 nascentes,
789 3104 828 3175 &
852 3103 1003 3178 minores
1025 3107 1184 3179 bulbulos
1206 3107 1391 3182 sauciemus
1400 3111 1535 3207 ,quia

571 3230 680 3283 matre
691 3209 845 3284 subtrasb
852 3231 981 3309 atque
993 3241 1029 3287 ιιι
1042 3216 1128 3289 alios
1141 3216 1255 3313 digefli
1268 3218 1426 3307 ordines,
1438 3245 1534 3293 nova

449 3339 456 3359 ·
569 3320 676 3392 lilieta
691 3319 897 3395 formabunt.
920 3325 1004 3394 Item
1028 3322 1199 3397 violarum
1219 3326 1364 3422 plantae,
1378 3332 1416 3401 dt
1435 3331 1533 3404 croci

568 3428 665 3500 bulbi
689 3429 820 3510 serendi
838 3429 935 3521 sunt,
948 3431 1005 3506 vel
1026 3431 1192 3507 subtiliter
1212 3432 1264 3531 (li
1283 3433 1414 3509 fuerant
1433 3428 1533 3535 ante)

569 3535 732 3733 10111111.
749 3652 827 3724 Hoc
847 3651 960 3725 mense
980 3650 1085 3749 aliqui
1105 3651 1166 3724 lini
1179 3652 1292 3727 semen
1307 3657 1389 3732 laeto
1403 3592 1477 3732 solo
1492 3616 1534 3732 in¹

563 3761 718 3859 jugerum
733 3781 761 3832 x
779 3762 915 3836 modios
930 3763 1107 3861 spargunt,
1122 3767 1162 3839 δι
1179 3764 1249 3838 lina
1273 3770 1527 3866 consequuntur

560 3869 738 4057 εΧΙ1111111.
749 3979 921 4077 Tempore
932 3983 1003 4056 hoc
1014 3999 1155 4056 canneta
1167 3986 1325 4082 ponenda
1340 3987 1416 4060 sunt
1429 3987 1529 4064 fadis

559 4088 763 4163 brevissimis
782 4088 980 4181 scrobibus,
995 4094 1033 4165 δι
1053 4092 1162 4169 oculis
1181 4119 1363 4168 cannarum
1382 4121 1471 4209 per
1456 4099 1524 4171 sin·

560 4197 653 4295 gulas
674 4197 809 4271 scrobes
821 4201 976 4288 obrutis,
996 4226 1055 4295 qur
1045 4199 1245 4300 semrpedrs
1256 4203 1392 4301 spatio
1383 4226 1471 4279 inter
1489 4208 1523 4281 se

561 4303 679 4380 distare
696 4307 876 4384 debebunt.
896 4310 931 4385 Si
947 4310 1064 4388 calidae
1085 4313 1126 4390 δι
1137 4314 1233 4391 sccae
1245 4315 1439 4423 provincie
1453 4317 1523 4390 llu-
