3875 5759
613 886 747 967 ARTIS
773 891 990 970 VETERIN.
1013 896 1112 967 SIVE
1141 898 1329 986 MULOM.
1387 906 1451 978 261
1549 935 1552 941 ·

482 1085 484 1090 ·
546 1052 675 1124 XXXI.
691 1055 799 1151 Quod
817 1055 840 1126 fr
861 1053 961 1127 febris
975 1054 1105 1130 interna
1123 1055 1247 1147 fuerit,
1266 1083 1337 1132 non
1359 1058 1462 1136 facile

494 1162 617 1237 animal
639 1165 809 1256 dormiet,
834 1170 872 1241 &
895 1167 1049 1263 quotidie
1071 1168 1216 1243 deterius
1243 1167 1324 1261 siet,
1351 1171 1457 1245 inter·
1593 1200 1596 1205 ·

494 1274 576 1344 dum
600 1273 800 1351 furunculos
823 1277 860 1350 in
873 1279 975 1353 dorso
995 1279 1052 1352 vel
1066 1280 1101 1351 in
1121 1280 1280 1354 lateribus
1300 1283 1457 1358 habebit:
1606 1342 1610 1351 .

492 1381 597 1471 scias,
609 1410 685 1457 eum
701 1413 720 1458 a
734 1388 870 1473 morbo,
884 1390 943 1486 qui
957 1388 1106 1485 superius
1119 1390 1301 1485 disputatus
1314 1393 1360 1464 est
1375 1393 1456 1465 mal·

492 1490 755 1577 leus,·detineri.
774 1497 841 1569 Cui
861 1496 984 1570 lotium
1001 1498 1133 1596 aliquot
1154 1497 1284 1571 dierum
1300 1518 1367 1571 tam
1387 1497 1456 1571 ho·
1608 1590 1611 1596 Ι

491 1601 623 1673 minum
638 1656 649 1693 ,
664 1627 765 1701 quam
784 1604 923 1680 arietum
939 1630 1024 1702 ,per
1046 1630 1140 1678 nares
1164 1604 1331 1679 infundes.
1353 1608 1395 1679 Et
1411 1605 1457 1680 fre

488 1711 675 1891 pugiones,
697 1740 764 1813 que
787 1717 829 1790 de
853 1716 917 1792 isto
941 1718 1068 1792 morbo
1089 1718 1186 1813 supra
1204 1715 1334 1813 scripta
1356 1716 1455 1810 sunt,

514 1846 531 1891 a
557 1847 596 1894 rs.

536 1932 686 2007 XXXII.
704 1933 864 2008 stantem
882 1931 1050 2005 ausiunrni
1069 1930 1383 2026 temporeeoeperit
1401 1931 1460 2006 fe·.

487 2038 578 2111 brire
598 2040 810 2134 jumentum,
829 2038 935 2109 statim
964 2039 1006 2116 de
1028 2038 1162 2113 ce'rvice
1183 2038 1379 2136 sanguinem
1397 2042 1454 2112 de·

485 2151 619 2236 trahes,
634 2153 691 2223 veI
714 2152 817 2248 gradu
835 2149 938 2223 tertio
952 2151 994 2221 de
1013 2150 1149 2247 palat03
1161 2137 1237 2247 post
1260 2151 1372 2224 herbae
1390 2150 1453 2223 tri·

485 2256 619 2353 xaginis
639 2258 842 2345 sextarium,
863 2258 1015 2356 draganti
1026 2315 1040 2351 ,
1057 2260 1207 2334 rosarum
1229 2286 1293 2334 aua
1313 2262 1452 2336 unciam

485 2390 506 2437 n
531 2368 567 2437 in
587 2365 654 2461 pila
678 2368 785 2466 lignea
806 2368 964 2466 pislabis,
986 2372 1168 2470 cernesque
1196 2370 1382 2462 subtiliter,
1408 2396 1451 2445 ex
1580 2428 1584 2435 .

484 2498 572 2570 aqua
595 2500 672 2548 cum
692 2478 798 2549 mulsa
815 2481 861 2553 &r
875 2478 956 2551 oleo
976 2479 1191 2576 potionabis,
1205 2498 1304 2576 atque
1329 2477 1376 2550 ita
1397 2501 1450 2551 re·

482 2584 598 2657 siirues
621 2586 805 2659 sanitatem.
935 2680 937 2685 Ι
1245 2605 1248 2611 ’

532 2696 695 2767 XXXIII.
714 2694 748 2765 Si
761 2715 874 2765 aurem
894 2692 1005 2764 aestare
1023 2691 1146 2765 febrire
1160 2690 1322 2787 coeperit,
1335 2710 1449 2765 toturn

481 2799 633 2888 sudabit,
646 2801 771 2895 sataget
791 2794 983 2904 salientibus
1007 2798 1103 2871 venis
1122 2799 1319 2872 minduram
1331 2801 1372 2874 ’δι
1391 2824 1450 2872 na·
1593 2879 1596 2887 ¹

482 2932 595 2984 turam
616 2912 713 3012 srptul
726 2908 912 2999 dimittere,
933 2909 975 2982 ad
989 2927 1110 2981 terram
1131 2908 1317 2983 transverse
1329 2910 1449 2983 ambu-

480 3020 577 3093 labit.
599 3022 656 3093 De
667 3044 757 3093 coxa
771 3019 880 3091 media
895 3037 1043 3117 quatuor
1055 3019 1166 3118 digitis
1185 3022 1306 3093 abano
1324 3045 1448 3095 venam

482 3130 644 3228 inquiris,
655 3133 693 3205 δι
706 3156 749 3203 ex
762 3154 800 3203 ea
815 3129 1006 3227 sanguinem
1019 3128 1187 3208 ,detrahes
1200 3130 1235 3203 Si
1249 3151 1359 3205 autem
1373 3158 1446 3208 non

482 3236 677 3329 inveneris,
694 3238 736 3310 de
755 3237 892 3311 cervice
910 3236 1081 3312 tollendus
1104 3238 1163 3312 est.
1181 3237 1247 3311 Cui
1273 3237 1361 3312 hanc
1377 3264 1449 3336 po·

481 3346 613 3421 tionem
625 3373 691 3444 pro
705 3363 859 3444 tempore
873 3347 990 3421 dabis:
1014 3350 1161 3441 Herbarn
1175 3348 1360 3444 portulacae
1375 3350 1447 3444 ple·
1465 3404 1468 3409 .

481 3482 562 3527 nam
585 3482 720 3527 manum
736 3455 877 3544 tundis,
893 3455 1096 3555 succumque
1108 3456 1181 3552 ejus
1192 3457 1268 3531 cuu'r
1288 3457 1451 3554 dragante

483 3565 524 3636 ὃ(
552 3583 646 3653 ture,
664 3568 701 3636 &
719 3562 819 3637 succo
843 3561 929 3634 rosae
948 3588 1120 3659 campanae
1147 3564 1250 3637 mulsa
1264 3565 1375 3638 addita
1388 3565 1445 3640 os·

483 3672 588 3760 frier,
610 3676 788 3769 potionem
810 3671 973 3759 nonsatis
991 3674 1169 3771 grandem,
1182 3700 1225 3747 ne
1240 3677 1333 3772 plus,
1344 3701 1447 3773 quam

484 3800 650 3877 oportet,
670 3779 869 3883 infrigides:
889 3780 969 3879 quia
983 3806 1061 3856 curn
1075 3782 1168 3878 quasi
1183 3783 1295 3878 splene
1310 3801 1449 3874 careat,

482 3892 581 3966 simul
603 3893 642 3965 &
661 3891 849 3966 defedione
868 3890 1038 3989 sanguinis
1057 3891 1171 3966 calore
1196 3893 1358 3990 privatur.

531 4004 699 4077 XXXIV.
720 4003 839 4076 Hieme
865 4028 949 4078 vero
971 4002 1190 4092 fifebrierit,
1216 4004 1316 4101 supra
1343 4002 1446 4077 didas

483 4112 611 4208 species
633 4114 740 4186 aridas
761 4115 986 4203 conmndito,
1007 4114 1254 4213 diligenterque
1279 4113 1444 4205 misceto,

484 4224 525 4294 &
548 4245 607 4315 per
625 4220 785 4295 sinisiram
814 4248 929 4296 narem
950 4225 1050 4296 dato:
1073 4223 1191 4296 sanitas
1215 4221 1448 4319 consequitur.
1562 4265 1576 4284 ·

486 4330 718 4417 Febrientihru
734 4351 847 4409 autem
862 4336 937 4411 haec
953 4334 1054 4433 potio
1068 4332 1160 4409 utilis
1174 4332 1337 4512 quitur:
1349 4335 1447 4414 Maru

1242 4465 1262 4539 3
