3875 5759
600 942 731 1014 nuru
758 941 972 1014 varrum.
997 941 1096 1012 stur
1120 889 1310 1034 tuutou.¹
1370 943 1441 1039 'nu
1487 895 1491 901 ⁴

481 1103 584 1178 nendi
598 1104 639 1175 ab
651 1103 784 1175 hordeo
805 1105 842 1176 δε
859 1101 984 1174 foeno:
1006 1102 1126 1198 dandae
1149 1101 1250 1175 etiam
1273 1102 1446 1179 diureticae
1500 1122 1503 1128 “

483 1213 655 1309 potiones.
1547 1214 1552 1226 '

533 1326 688 1396 LXXlll.
711 1321 818 1395 Simili
839 1321 1080 1396 observatione
1103 1339 1372 1422 curantur‚quae
1397 1320 1450 1396 ni·

485 1427 558 1501 mio
577 1430 709 1500 hordeo
725 1448 783 1500 aut
804 1429 895 1499 malo
919 1428 1095 1510 laeduntur.
1110 1429 1173 1500 Sed
1194 1428 1266 1504 haec
1290 1430 1390 1501 etiam
1413 1431 1450 1502 in

487 1561 573 1632 aqua
596 1536 714 1633 frigida
728 1534 887 1608 adversus
902 1548 1086 1608 torrentem
1103 1536 1281 1608 diutissime
1296 1539 1452 1609 detinen-

488 1665 555 1722 tm.
579 1647 724 1743 Utrique
752 1647 935 1717 remedium
964 1646 1241 1739 esl‚·,pelliculam
1267 1646 1307 1718 de
1333 1665 1454 1719 ventre

490 1754 578 1853 pulli
598 1756 748 1828 siccatam
766 1754 863 1827 sumo
888 1757 1057 1839 deterere,
1069 1737 1253 1849 additisque
1277 1756 1357 1827 osio
1375 1755 1455 1828 scri·

491 1864 579 1965 pulis
603 1864 751 1962 piperis,
774 1867 811 1937 dc
838 1883 984 1958 quatuor
1006 1861 1237 1933 cochlearibus
1262 1863 1395 1953 mellis,
1417 1868 1456 1940 δι

492 1978 610 2049 uncias
632 1976 770 2069 pollinis
792 1999 833 2046 ex
860 1992 935 2044 ture
960 1959 1039 2043 Eun
1059 1970 1206 2044 sextario
1235 1970 1308 2045 vini
1333 1976 1459 2048 veteris
1577 2059 1580 2066 Ι

492 2082 661 2179 tepefaslo
683 2107 743 2175 per
762 2103 801 2150 os
822 2080 911 2150 dare.

544 2193 701 2265 LXXlV.
719 2188 925 2262 Fascinatum
949 2188 1073 2262 animal
1092 2190 1183 2262 triste
1208 2190 1277 2280 est,
1301 2213 1462 2290 gravatur

485 2296 645 2384 incessu,
668 2296 845 2383 macescit,
870 2300 929 2387 δι,
946 2296 1006 2370 nist
1032 2298 1251 2386 subveneris,
1270 2302 1397 2375 incidet
1424 2303 1462 2376 in
1558 2331 1567 2390 t¹

497 2407 670 2483 morbum.
689 2405 865 2477 Bituminis
887 2404 989 2503 igitur
1009 2410 1046 2478 ὅ(
1071 2402 1233 2501 sulphuris
1253 2436 1367 2502 parum
1384 2437 1461 2483 curn
1565 2393 1570 2412 ⁸

498 2518 610 2618 granis
633 2516 716 2587 lauri
739 2541 781 2587 ert
798 2541 883 2613 aqua
907 2516 1063 2587 defundis
1088 2541 1147 2609 per
1174 2542 1280 2590 nares.
1302 2522 1464 2592 Praeterea
1583 2517 1595 2588 s

499 2627 718 2704 coriandrum
740 2626 797 2697 vel
813 2625 921 2695 semen
943 2624 1044 2717 ipsius
1067 2646 1143 2693 cum
1164 2621 1319 2717 sulphure
1338 2628 1375 2698 &
1390 2630 1468 2701 teda

501 2738 710 2815 carbonibus
738 2731 977 2819 circumferes,
1000 2755 1042 2800 ex
1067 2755 1151 2825 aqua
1174 2730 1318 2804 ferventi
1342 2736 1467 2807 animal
1601 2761 1609 2786 *·

504 2845 725 2938 consperges,
744 2837 982 2934 suffumigabis.
997 2836 1174 2908 Univetsrs
1198 2841 1468 2936 quadrupedibus
1505 2914 1509 2920 ,

503 2950 692 3031 remedium
718 2949 849 3043 praestat
872 2948 930 3019 illa
950 2942 1176 3044 suffumigario
1188 3000 1200 3037 ,
1225 2970 1345 3039 curat,
1367 2974 1469 3051 atque

502 3062 636 3143 morbis
657 3058 784 3132 resistit

450 3187 453 3192 '
559 3171 703 3243 LXXV.
724 3164 894 3239 Adversus
915 3163 1085 3239 universas
1102 3161 1310 3240 infirmitates
1324 3170 1472 3254 &rnor-

484 3277 576 3359 *bos
603 3300 771 3372 equorum
799 3274 854 3346 vel
884 3275 1018 3363 boum,
1043 3272 1101 3345 ubi
1131 3275 1274 3370 primurn
1303 3281 1475 3373 coeperint

508 3409 698 3492 aegrotarc,
713 3387 813 3483 potio
833 3384 891 3457 ista
911 3384 1097 3456 succurrit:
1111 3385 1222 3457 Radix
1245 3385 1365 3477 scillae,
1385 3391 1476 3462 radi·

510 3526 571 3577 ces
594 3493 732 3591 populi,
747 3514 824 3586 quae
845 3513 951 3584 graece
977 3489 1163 3579 appellatur
1183 3494 1342 3565 rhamnos
1372 3493 1477 3594 (nant

511 3608 564 3683 est
589 3601 765 3683 fuscior&
780 3593 973 3692 nuhellula)
989 3597 1025 3667 δι
1045 3593 1126 3668 sales
1141 3622 1359 3684 communes,
1374 3630 1478 3698 quan·

512 3739 591 3793 rum
614 3708 733 3781 sufficit
746 3760 757 3793 ,
772 3705 882 3776 mittes
905 3704 1104 3803 inaquam,
1126 3732 1264 3805 eamque
1279 3712 1480 3788 animalibus

514 3823 628 3919 usque
645 3818 686 3887 ad
709 3814 877 3885 sanitatem
894 3813 987 3884 dabis
1010 3813 1044 3883 in
1061 3835 1155 3908 potu.
1167 3818 1274 3908 Quod
1290 3819 1313 3888 sr
1328 3819 1481 3915 despera·
1526 3815 1529 3820 ’

516 3958 572 4010 tas
598 3923 806 4000 valetudines
828 3945 1065 4017 praeoccupare
1081 3924 1251 4014 volueris,
1268 3952 1310 3997 ne
1331 3954 1482 4025 unquam

520 4038 680 4117 accidant
701 4030 898 4104 animalibus
919 4031 1007 4119 tuis,
1023 4031 1204 4125 incipiente
1220 4058 1300 4105 vere
1317 4035 1402 4107 hanc
1418 4036 1485 4110 illis

523 4141 730 4248 praeparabis
757 4141 960 4237 potionem,
985 4143 1023 4215 &
1049 4165 1108 4235 per
1131 4143 1388 4248 *quatuordecim
1416 4146 1487 4220 dies

525 4252 715 4335 continuos
736 4248 829 4320 dabis
853 4248 887 4319 in
908 4271 1003 4343 potu.
1286 4289 1296 4327 2

580 4359 739 4436 LXXVI.
757 4340 1009 4430 ostendendam
1024 4374 1133 4430 autent
1146 4357 1213 4445 est,
1228 4358 1388 4454 potiones
1404 4359 1490 4460 ipses

608 4466 734 4557 Scriptt.
748 4464 790 4538 R.
807 4467 848 4533 R.
867 4468 941 4534 Vol.
956 4467 1022 4536 III.
1269 4464 1307 4535 D
1323 4468 1345 4538 d
