3875 5759
522 870 529 895 '
607 907 738 982 Antis
765 905 978 1012 vernum.
1004 907 1102 979 srva.
1130 907 1317 982 morou.
1374 926 1445 1010 293
1498 863 1510 924 ³

488 1072 558 1146 sum
574 1096 585 1145 t
606 1069 701 1166 cujus
717 1073 863 1144 &mens
873 1068 1067 1157 hebetatur,
1080 1072 1118 1143 δι
1130 1068 1231 1143 visus.
1245 1073 1333 1145 Nam
1347 1096 1444 1147 cere,-

486 1179 540 1252 bri
562 1178 778 1276 incolumitas
795 1181 834 1253 &
848 1178 969 1252 oculos
990 1177 1095 1275 pascit
1116 1181 1153 1252 δι
1175 1178 1295 1252 sensus.
1315 1183 1353 1253 ln
1378 1206 1447 1278 qua-

434 1288 444 1311 ⁴
486 1288 634 1384 paffione
647 1344 660 1377 ,
674 1290 751 1387 quia
769 1313 836 1361 una
859 1313 935 1385 pars
957 1288 1077 1384 capitis
1095 1305 1348 1387 praegravatur,
1370 1308 1445 1365 tans

484 1423 584 1497 quam
599 1401 640 1472 ad
654 1399 780 1472 molam
793 1398 887 1472 vadit
906 1399 942 1471 in
962 1424 1099 1497 gyrum.
1176 1389 1180 1394 ¹

533 1511 587 1579 ΙΙΙ.
608 1509 698 1582 Cum
721 1533 807 1583 vero
827 1506 975 1596 medium
998 1489 1173 1582 cer’ebrum
1194 1508 1348 1608 corrupti
1369 1508 1443 1582 san·

484 1617 595 1715 guinis
616 1619 710 1692 virus
725 1617 898 1705 infecerit,
913 1617 1253 1714 animalfreneticum
1269 1620 1444 1714 redditur,
1532 1632 1533 1635 ’

483 1745 524 1800 ut
543 1746 681 1826 repente
698 1728 807 1814 saliat,
819 1732 859 1804 δι
874 1730 970 1803 velut
984 1727 1132 1825 effugere
1144 1727 1248 1816 velit,
1262 1728 1446 1824 parietibus
1542 1758 1545 1761 ⁴
1599 1733 1602 1738 ’

483 1834 518 1927 se
538 1855 694 1935 tanquam
715 1834 890 1937 irregibilis
911 1834 1097 1931 impingat,
1113 1858 1174 1909 nec
1191 1834 1293 1931 poffit
1311 1834 1444 1910 ratione

482 1945 594 2043 aliqua
615 1948 800 2023 contineri.

529 2060 588 2127 1v.
602 2056 786 2128 Cardiacus
799 2052 826 2123 is
847 2049 915 2138 est,
930 2046 987 2123 cui
1000 2071 1062 2121 cor
1074 2047 1179 2123 dolet.
1190 2050 1371 2125 Cardianus
1384 2077 1443 2127 au·
1548 2075 1558 2089 ·

484 2181 552 2235 tem
572 2159 631 2251 fit,
653 2156 975 2258 quotiessanguinis
1002 2156 1060 2230 illa
1078 2158 1257 2256 corruptio
1279 2160 1452 2237 stomachi

484 2270 541 2341 vel
559 2269 707 2343 thoracis
731 2266 924 2366 impleverit
933 2293 1077 2365 avenas,
1099 2271 1341 2372 cerebrumque
1364 2299 1444 2370 per·
1505 2365 1506 2368 Ἴ

483 2377 634 2466 cullerit,
651 2401 713 2453 cor
726 2377 823 2451 etlam
836 2373 983 2473 pestiferi
1005 2377 1159 2452 humoris
1179 2373 1253 2454 lalle
1276 2380 1443 2455 constrin-

481 2486 578 2560 xerit.
597 2488 687 2580 Quae
707 2487 869 2561 valetudo
890 2486 1021 2561 inducit
1040 2487 1162 2562 mentis
1179 2489 1449 2582 alienationem,

481 2599 520 2671 δι
539 2596 695 2693 corporis
714 2595 836 2671 sudore
857 2596 1081 2685 monstratur,
1094 2620 1137 2667 ex
1155 2620 1226 2693 quo
1245 2596 1443 2673 difficillime

481 2703 656 2778 liberatur.
689 2705 705 2803 J

531 2817 575 2886 V.
600 2808 710 2905 Quod
734 2806 953 2905 stappiosum
975 2805 1073 2879 fimul
1094 2806 1199 2903 pallio
1218 2808 1367 2884 thoracis
1388 2811 1444 2885 ind

482 2918 635 3005 venerit,
650 2915 733 2988 facit
752 2916 920 2989 continuo
939 2913 1121 2988 rabiosum.
1134 2917 1187 2988 Ex
1205 2916 1326 2992 ardore
1351 2918 1445 2991 enim
1490 2917 1492 2923 ’

425 3107 428 3113 ,
482 3027 593 3102 ιιὶιιιὶο
615 3024 775 3119 jecinoris
803 3026 841 3099 δι
868 3022 1058 3124 sanguinis,
1073 3021 1170 3099 venre
1191 3026 1305 3100 cordis
1324 3028 1444 3101 nervi·

483 3162 550 3237 que
573 3134 830 3232 praefocantur‘,
856 3159 899 3208 ex
928 3160 994 3235 qua
1021 3135 1261 3211 constridlione
1284 3133 1323 3208 fir
1341 3137 1444 3211 dolor

482 3249 584 3344 ipsius
606 3246 677 3321 loci
698 3245 929 3345 usqueadeo,
950 3265 988 3319 ut
1009 3246 1200 3320 mordendo
1220 3246 1252 3319 se
1275 3248 1443 3323 comedat.

482 3361 534 3430 Ex
546 3356 667 3457 quibus
682 3355 931 3430 valetudinibus
948 3323 1113 3429 sranimal
1128 3355 1229 3429 fuerit
1243 3354 1444 3447 liberarunt,

482 3471 521 3545 δι
539 3467 615 3563 post
630 3456 849 3541 curationem
867 3464 979 3561 aliqua
1004 3491 1079 3560 pars
1098 3465 1229 3540 cerebri
1251 3464 1354 3537 fuerit
1380 3464 1443 3539 im·

483 3578 640 3665 minuta,
662 3577 721 3648 vel
743 3593 859 3647 tumor
880 3573 1112 3665 subcreverit,
1135 3576 1287 3675 ineptum
1311 3573 1444 3669 iumen-

484 3706 579 3771 tum,
593 3683 793 3781 pigrumque
811 3682 972 3755 redditur.
989 3684 1026 3757 δι
1045 3682 1084 3756 in
1102 3683 1159 3756 illa
1185 3704 1277 3780 parte
1297 3685 1445 3781 capitis,

483 3795 544 3869 ubi
567 3793 691 3868 vitium
712 3792 888 3883 remansit,
902 3790 1039 3865 difficile
1060 3790 1092 3864 se
1112 3792 1269 3891 gyrabit,
1283 3796 1322 3867 δι
1335 3819 1377 3866 eu
1398 3816 1444 3865 eo

484 3906 587 3979 latere
606 3902 639 3976 se
659 3900 842 4000 parietibus
854 3898 984 3998 jungit,
1005 3902 1043 3973 δι
1063 3902 1157 3974 tarde
1177 3900 1356 3989 incedens,
1371 3925 1453 3972 non

485 4012 630 4087 sentiens
655 4011 810 4108 plagam,
833 4009 1052 4083 ambulaturae
1078 4010 1219 4107 gratiam
1244 4008 1377 4105 perdit,
1406 4010 1451 4083 δι.

486 4119 551 4193 erit
563 4120 720 4193 submiffo
735 4118 861 4217 capite,
874 4122 913 4194 δι
925 4143 1004 4194 cum
1022 4119 1103 4193 {lare
1114 4118 1269 4215 coeperit,
1283 4142 1359 4191 cum
1380 4134 1445 4189 tar·

485 4227 591 4300 ditate
607 4228 639 4301 se
659 4247 796 4318 movet,
809 4226 921 4302 minus
947 4228 1045 4303 etiam
1072 4227 1203 4303 videbit
1216 4281 1227 4316 ‚
1242 4251 1306 4301 nec
1327 4225 1451 4299 cibum

438 4351 441 4357 ·
488 4361 554 4413 nec
566 4337 1134 4446 potumrecusat.Quemficurarc
1157 4333 1456 4514 vpluerinryclo

1233 4463 1257 4541 3,

891 4688 906 4723 l
