3875 5759
608 924 983 1040 nnns'vnunntu.
1008 941 1107 1035 uve
1133 963 1320 1037 Mulon.
1376 947 1452 1061 μγ

489 1155 563 1205 rum
577 1130 760 1227 plurimum
773 1128 936 1217 effundit,
949 1125 1096 1226 gingiva
1112 1126 1347 1202 intumescunt.
1361 1129 1448 1201 Cre·‘
1570 1180 1574 1189 .

486 1260 554 1315 tam
576 1241 757 1315 Cimoliam
781 1264 859 1313 curn
886 1255 984 1311 aceto
1004 1236 1167 1311 acerrimo
1190 1256 1382 1326 macerato,
1406 1238 1446 1311 δι

463 1417 465 1420 .
484 1351 650 1440 calentem
675 1348 880 1422 extrinsecus
903 1346 1048 1420 maxillis
1068 1346 1247 1437 inducito,
1272 1371 1314 1419 ne
1334 1346 1446 1420 minus

484 1460 635 1558 quinque
651 1459 794 1538 diebus:
813 1455 966 1555 gingivas
987 1473 1096 1529 autem
1111 1456 1249 1535 interius
1268 1444 1343 1529 cum
1366 1455 1445 1551 pul·
1548 1542 1551 1552 Ι

486 1590 569 1641 vere
593 1568 730 1642 corticis
750 1566 829 1640 muli
849 1563 977 1663 granati
1001 1565 1157 1639 &melle
1182 1563 1352 1639 tertia‘die
1373 1564 1447 1637 diu·¹
1500 1600 1504 1610 ·

484 1671 605 1747 tillime
622 1672 835 1765 confricato,
849 1674 960 1747 donec
979 1673 1090 1771 egesta
1110 1672 1198 1745 sanie
1219 1671 1449 1749 convalescat.¹
1482 1718 1494 1747 t

484 1782 592 1875 Quod
608 1784 744 1872 evenit,
758 1810 835 1873 cum
854 1783 979 1856 humor
999 1780 1110 1856 acrior
1133 1806 1176 1855 ex
1191 1780 1297 1878 capite
1318 1780 1354 1853 in
1376 1807 1447 1856 tna·
1594 1777 1600 1795 ’

483 1891 640 1964 uillarum
657 1891 840 1965 defluxerit
852 1912 966 1962 venas.
1077 1960 1081 1967 ,
1216 1945 1219 1950 ,

528 2002 695 2081 XXXIII.
716 2000 826 2091 Quod
845 1996 870 2069 fi
889 1994 1014 2068 animal
1033 1993 1127 2091 juxta
1146 1993 1274 2069 collum
1295 1995 1351 2068 vel
1366 2016 1446 2070 mo··

483 2107 592 2196 lares,
617 2108 674 2182 vel
694 2106 764 2180 alio
787 2104 857 2179 oris
876 2106 958 2179 loco
985 2128 1026 2178 os
1052 2104 1211 2207 fregerit,
1238 2116 1275 2178 ut
1298 2105 1446 2181 morsum
1602 2095 1605 2099 ’

485 2215 643 2289 claudere
673 2240 746 2289 non
772 2216 897 2313 poffit,
922 2217 960 2291 δι
985 2215 1108 2313 apertis
1131 2214 1285 2288 dentibus
1309 2216 1445 2290 horreat

484 2327 773 2424 propendentibus
794 2328 915 2420 labris,
935 2327 1106 2403 continuo
1137 2326 1244 2401 calida
1272 2326 1444 2403 fomenta·

481 2428 534 2510 bis
547 2491 559 2528 ,
571 2439 610 2512 δι
623 2437 754 2511 labrum
769 2440 809 2513 &
822 2463 898 2536 quae
915 2437 992 2512 sunt
1012 2436 1159 2533 disrupta
1175 2438 1376 2531 componis,
1391 2438 1444 2510 fa·

482 2544 587 2620 sciola
607 2547 794 2646 tenuiffima
813 2565 912 2622 aceto
938 2547 978 2618 δι
998 2547 1080 2617 oleo
1103 2543 1282 2617 madefacta
1300 2544 1455 2641 diligen·'

481 2672 535 2728 ter
554 2682 657 2729 unam
671 2674 818 2753 partem,
835 2650 955 2724 deinde
969 2650 1106 2722 alteram
1122 2651 1312 2746 compingis
1333 2652 1374 2722 ad
1389 2651 1445 2725 lo·f
1569 2743 1572 2752 Ι

481 2788 579 2853 cum,
594 2766 632 2837 δι
648 2762 797 2835 {imiliter
815 2757 976 2847 fasciato,
987 2781 1031 2829 ne
1043 2758 1164 2829 iterum
1178 2756 1370 2854 diffipetur:
1384 2760 1442 2833 cui

482 2874 521 2946 δι
541 2870 681 2944 corbem
701 2866 914 2943 constrictam
935 2884 1075 2962 oportet
1096 2864 1250 2961 imponi,
1264 2890 1307 2937 ne
1325 2865 1443 2963 depra·
1567 2954 1571 2961 ἱ

481 2994 542 3051 vet
565 2976 742 3049 dentes&
763 2971 862 3045 labia.
882 2971 974 3044 Cum
992 2971 1140 3046 'solveris
1160 2972 1211 3044 ad>
1227 2973 1444 3065 curandum,

482 3110 609 3175 manu,
628 3108 706 3181 quae
728 3101 806 3157 ante
821 3080 1082 3178 composueris,
1102 3084 1309 3179 contineto,
1329 3082 1443 3157 furlu-

481 3217 553 3267 rem
575 3196 613 3275 δι
634 3191 774 3267 farinam
793 3190 915 3264 hordei
938 3190 1042 3264 mixta
1056 3190 1092 3263 in
1114 3192 1266 3288 cophino
1286 3192 1328 3267 ad
1346 3213 1443 3267 man·¹
1470 3197 1474 3205 '

482 3302 672 3378 ducandutn
692 3301 807 3393 dabis,
822 3302 867 3374 ita
888 3319 950 3393 ut,
968 3299 1131 3401 quamdiu
1152 3302 1353 3391 manducat,
1368 3326 1442 3375 ma·
1528 3316 1531 3320 ’
1556 3311 1560 3324 ’

482 3436 549 3484 nus
567 3431 624 3483 tua
640 3436 660 3484 a
676 3412 786 3499 loco,
801 3434 902 3507 quem
915 3404 1071 3483 continet
1082 3405 1094 3499 ,
1107 3432 1178 3481 non
1197 3409 1341 3484 recedat.
1352 3410 1442 3481 Cum

482 3518 550 3612 jam
571 3519 772 3591 manducare
787 3515 956 3608 noluerit,
970 3517 1097 3591 offerto
1118 3518 1149 3591 ei
1174 3544 1315 3617 aquam,
1330 3535 1369 3590 ut
1385 3517 1442 3589 bi·
1527 3563 1531 3568 -

482 3628 659 3701 huncum
682 3626 826 3716 biberit,
844 3644 963 3700 curato
988 3625 1161 3718 limtliter,
1183 3628 1336 3725 utsupra
1358 3626 1443 3701 scri·

483 3753 580 3834 ptum
594 3733 651 3807 est.
671 3734 725 3808 cui
746 3737 785 3809 &
804 3732 938 3806 succum
955 3732 1093 3830 ptisanae
1109 3736 1276 3809 convenit
1297 3732 1391 3814 dari,
1415 3732 1442 3805 ti

484 3846 597 3919 minus
617 3843 751 3917 fortaffe
770 3843 1037 3919 manducaverit.
1058 3849 1171 3940 Quem
1196 3847 1254 3920 tali
1281 3844 1443 3919 observa·

484 3953 733 4050 tioneperdies
743 3954 960 4053 quadraginta
975 3973 1128 4030 curatum
1139 3955 1288 4028 restitues
1300 3950 1445 4027 sanitati
1541 4001 1544 4006 ·

534 4064 698 4136 XXXIV.
722 4064 879 4136 lumento
901 4066 1033 4139 narium
1047 4067 1211 4164 cartilago
1235 4064 1259 4135 fi
1286 4082 1444 4158 corrupta

488 4167 552 4258 fit,
567 4169 606 4241 δι
618 4170 747 4268 sanguis
759 4171 895 4265 reprimi
912 4199 985 4248 non
1003 4172 1124 4271 pollit,
1141 4171 1314 4270 spongiam
1327 4167 1441 4250 Afrum

488 4278 529 4350 δι
550 4278 632 4348 turis
652 4280 789 4353 masculi
806 4283 970 4378 pollinem
991 4284 1217 4359 commixtum
1238 4281 1377 4375 impone
1400 4281 1444 4355 ad

490 4383 631 4477 locum,
648 4386 709 4484 qui
725 4386 821 4462 laesus
840 4392 909 4490 est,
920 4395 959 4469 δι
973 4391 997 4467 li
1011 4391 1137 4471 vulnus
1153 4388 1277 4465 festum
1292 4385 1394 4463 fuerit
1407 4389 1445 4462 in
1475 4479 1479 4486 ¹
