3875 5759
482 922 551 1018 248
669 925 1000 1001 VEGETll
1049 923 1251 997 mni

477 1084 609 1159 Sabinae
627 1082 744 1158 libram
764 1112 803 1174 ι,
820 1082 992 1182 trixaginis
1011 1083 1128 1158 uncias
1144 1101 1233 1171 tres,
1248 1096 1437 1154 centaureae

479 1195 597 1269 uncias
622 1224 667 1283 2,
691 1194 916 1271 aristolochiae
938 1193 1053 1267 uncias
1074 1219 1123 1286 4,
1148 1194 1324 1268 baccarum
1351 1188 1438 1264 lauri

481 1303 597 1377 uncias
613 1332 656 1395 4,
678 1307 823 1377 murthae
842 1304 958 1377 uncias
978 1330 1025 1397 4,
1045 1303 1162 1376 omnia
1186 1304 1376 1379 confundes
1399 1307 1442 1376 dc

481 1434 618 1498 cernes,
639 1411 730 1484 &in
756 1412 931 1508 pulverem
951 1412 1202 1532 minurilgmum
1225 1414 1379 1512 rediges,
1401 1417 1442 1489 &

482 1542 560 1591 cum
586 1520 713 1594 necelle
727 1520 850 1608 fuerit,
870 1522 1098 1597 cochlearium
1123 1550 1280 1621 magnum
1301 1525 1442 1621 plenum

481 1649 559 1697 cum
586 1627 730 1703 sextario
761 1656 775 1703 r
806 1630 880 1703 vini
908 1628 1075 1725 tepefaflo
1100 1629 1251 1706 faucibus
1276 1628 1444 1703 taediantis

484 1730 652 1812 infundes.
661 1739 752 1816 „Haec
763 1764 902 1837 quoque
913 1737 1071 1811 adversus
1086 1763 1206 1811 omnes
1220 1742 1360 1816 morbos
1373 1763 1445 1812 me·

485 1844 596 1968 dicina
616 1848 810 1938 succurret,
830 1851 923 1948 quod
947 1869 1110 1946 quatenus
1130 1848 1219 1921 vires
1243 1850 1447 1943 pariuntur,

486 1952 692 2053 anteiposnis
707 1960 823 2034 diebus
837 1963 937 2055 [cum
950 1958 1151 2055 prescriptis
1165 1957 1363 2032 minutionis
1377 1958 1448 2027 ob-

401 2133 406 2145 ,
485 2059 689 2165 servandis]
712 2068 823 2163 primo
843 2067 884 2139 de
905 2066 1063 2156 cervice,
1078 2065 1153 2163 poll
1166 2067 1206 2138 de
1220 2065 1333 2162 palato
1350 2067 1388 2136 &
1408 2063 1450 2135 in

488 2166 746 2289 quibuscunque
760 2172 844 2248 locis
858 2174 891 2246 fe
912 2174 1051 2245 morbus
1074 2174 1240 2264 ostendit,
1255 2192 1292 2245 ut
1308 2173 1331 2244 fi
1345 2171 1381 2243 in
1396 2168 1452 2240 fa·

489 2299 562 2362 cre,
577 2279 618 2349 de
633 2280 763 2374 capite3
778 2282 850 2358 nin
863 2281 981 2378 primis
997 2283 1169 2377 partibus,
1182 2286 1224 2355 de
1243 2281 1361 2367 armis;
1376 2279 1399 2350 fi
1412 2278 1451 2350 in

490 2385 752 2481 posterioribus,
767 2396 809 2469 de
821 2393 920 2467 coxis
931 2449 941 2480 ,
953 2392 1084 2489 sanguis
1101 2391 1148 2464 efl
1166 2390 1388 2478 auferendus,
1410 2389 1452 2461 δε

457 2585 459 2590 ,
479 2520 569 2604 ¹cum
587 2522 686 2575 aceto
709 2504 919 2595 miscendus,
938 2529 981 2578 ex
998 2528 1069 2601 quo
1089 2501 1211 2574 animal
1240 2500 1454 2598 perfricerur.

491 2608 560 2682 cui
578 2609 651 2686 haec
672 2638 730 2710 per
750 2617 896 2689 triduum
916 2615 1014 2713 potio
1036 2614 1187 2688 dabitur:
1204 2613 1348 2683 Panaces
1365 2610 1455 2681 radi·

494 2724 705 2799 cum'uncias
721 2756 755 2828 3,
767 2727 904 2827 eryngii
917 2727 1046 2800 radices
1060 2722 1219 2821 ponderis
1233 2720 1314 2792 tanti
1323 2717 1455 2816 (Bryn-

495 2839 576 2939 gion
595 2862 705 2915 autem
719 2843 820 2916 herba
838 2842 957 2914 melior
980 2840 1050 2927 est,
1064 2863 1140 2934 quae
1161 2835 1196 2907 in
1219 2834 1319 2905 litore
1340 2829 1456 2902 vicina

495 2948 633 3021 marinis
654 2949 809 3022 fludibus
823 2948 989 3034 nascitur,
1005 2946 1132 3019 carduo
1154 2940 1290 3016 silvestri
1304 2962 1397 3033 paene
1413 2934 1457 3005 fr·

496 3058 608 3145 milis,
629 3059 716 3129 flore
728 3059 883 3153 galbineo
894 3109 905 3141 ,
918 3054 1014 3144 cujus
1032 3054 1190 3124 eruendae
1205 3052 1279 3122 sunt
1301 3045 1460 3132 radices,

497 3192 577 3239 nam
602 3165 739 3261 longius
760 3182 932 3258 penetrare
946 3159 1130 3253 dicuntur)
1153 3157 1293 3230 feniculi
1317 3175 1461 3250 quoque

498 3271 632 3348 seminis
651 3271 766 3345 uncias
782 3298 799 3366 3
813 3321 824 3357 ,
838 3270 930 3340 aloes
951 3264 1050 3337 uncia
1069 3289 1135 3335 una
1151 3262 1245 3334 semis
1262 3262 1461 3340 contusa&

501 3385 642 3459 cribrata
659 3382 774 3456 intres
790 3377 967 3475 paniculas
989 3373 1199 3461 dividemur,
1214 3375 1251 3444 δι
1270 3395 1348 3442 cum
1364 3367 1462 3445 fraili

500 3501 541 3574 &
556 3496 667 3570 moliri
686 3492 789 3568 tritici
804 3488 921 3564 farinae
939 3485 1085 3561 sextario
1107 3482 1263 3559 candenti
1284 3507 1368 3576 aqua
1393 3480 1461 3551 mi·

502 3607 653 3691 sceatur,
672 3607 710 3677 δι
731 3603 772 3675 ad
792 3623 902 3674 cornu
922 3621 981 3692 per
998 3595 1110 3669 fauces
1123 3593 1236 3666 triduo
1256 3588 1388 3663 animali
1404 3590 1463 3659 in·

503 3713 695 3790 fundantur.
714 3708 915 3808 Pelagonius
933 3704 1095 3784 ‚adversus
1109 3727 1226 3778 omnes
1249 3702 1389 3773 morbos
1407 3698 1462 3770 ef-

503 3825 732 3903 ficaciflimum
750 3822 926 3919 pulverem
945 3814 1052 3889 credit
1066 3811 1190 3899 elie,f1
1213 3811 1340 3907 pullum
1364 3808 1463 3881 cico-

505 3939 572 4013 niae
595 3911 746 4008 nondum
769 3930 876 4003 adhuc
899 3925 1064 4007 flantem,
1089 3921 1143 3993 sed
1162 3919 1226 4013 jam
1250 3919 1376 4011 plumas
1401 3916 1464 3986 ba-

503 4050 662 4136 bentem,
677 4044 797 4118 virum
811 4041 846 4113 in
859 4037 1016 4112 cacabum
1028 4033 1158 4120 mitras,
1170 4034 1207 4105 δι
1220 4026 1346 4125 gipfes,
1362 4050 1466 4118 peru-

507 4160 657 4257 stumque
672 4178 798 4252 vapore
818 4148 933 4236 furni,
951 4145 986 4215 in
1002 4142 1174 4239 pulverem
1189 4139 1338 4233 redigas,
1352 4139 1386 4209 δι
1402 4135 1463 4207 tri·

470 4354 473 4359 ,
508 4288 581 4344 turn
602 4268 714 4339 vitreo
734 4258 812 4335 vase
832 4256 1020 4341 cullodias,
1040 4254 1164 4350 grande
1188 4246 1464 4339 cumulatumque

508 4378 741 4457 cochlearium
760 4397 838 4452 cum
862 4368 936 4450 viru
961 4364 1105 4442 sextario
1133 4360 1285 4438 animalis
1311 4356 1466 4444 faucibus
