3875 5759
573 917 642 994 330
748 889 1081 966 vncatrr
1130 890 1259 966 crs.
1306 894 1360 966 11.
1452 869 1456 876 ”

570 1052 651 1127 nitri
672 1052 814 1151 pulvere
826 1048 1003 1123 misceatur
1023 1046 1131 1122 infusa
1144 1074 1205 1147 per
1217 1049 1351 1143 fauces,
1366 1052 1534 1126 humores

536 1187 541 1201 ·
573 1161 732 1259 pessimos
756 1176 905 1256 purgat·

618 1270 701 1341 [ΙΙΙ.
720 1264 870 1359 Podagra
894 1286 979 1336 veto
996 1287 1240 1360 nonnunquam
1260 1263 1344 1338 solet
1363 1289 1535 1363 occupare

569 1376 742 1472 jumenta,
764 1396 842 1445 cum
858 1372 1037 1446 hominurn
1053 1373 1181 1446 vitium
1196 1374 1355 1448 transitio
1372 1378 1533 1472 pecudes.

569 1484 665 1576 cujus
676 1482 837 1577 passionis
850 1481 920 1557 baec
931 1482 1006 1564 stunt
1019 1484 1130 1581 signa:
1143 1484 1216 1557 Nec
1230 1484 1312 1557 slare
1324 1486 1452 1581 potest,
1465 1510 1536 1558 nec.
1556 1523 1559 1530 ·

545 1621 548 1626 ·
568 1591 763 1680 ambulare;
785 1591 862 1681 sed,
882 1591 1087 1691 licogatur,
1109 1592 1299 1684 claudicat,
1324 1597 1362 1668 δι
1381 1595 1467 1691 saepe
1496 1592 1532 1665 se

554 1701 747 1800 projiciet,
767 1702 851 1778 srcut
880 1703 1040 1801 indigesta
1062 1726 1105 1775 ex
1136 1702 1268 1775 hordeo
1293 1705 1448 1776 animalia
1474 1702 1529 1774 sa·

568 1812 687 1899 ciunt,
709 1839 787 1912 quae
809 1834 950 1912 propter
967 1813 1122 1885 dolorem
1137 1836 1208 1885 non
1224 1832 1377 1910 coquunt
1399 1812 1532 1884 cibum.

568 1926 607 1998 δι
627 1924 706 1998 ideo
729 1923 766 1997 fit
786 1925 961 1999 horridum
974 1977 985 2011 ,
999 1924 1037 1997 &
1050 1946 1172 2018 corpus
1188 1920 1257 2014 ejus
1270 1920 1410 2010 calebit,
1426 1944 1531 1990 venae

568 2033 668 2105 etiam
682 2033 884 2120 exstabunt,
900 2053 1017 2103 natura
1038 2028 1189 2102 submissa
1211 2031 1301 2116 erit,
1325 2034 1358 2100 in
1387 2028 1533 2125 pedibus

568 2143 694 2213 slercus
715 2141 855 2213 haerebit
876 2159 1018 2237 propter
1040 2139 1182 2211 nimium
1213 2163 1331 2212 eorum
1355 2136 1537 2224 calorem,

568 2251 652 2356 sicut
671 2249 818 2321 subtritis
846 2248 931 2323 solet
951 2251 1100 2323 evenire.
1123 2248 1190 2321 Cui
1215 2247 1389 2344 proderit,
1412 2245 1534 2319 sr‘non

567 2361 691 2433 linatur
710 2360 935 2447 accumbere,
958 2358 1023 2430 sed
1032 2359 1186 2429 minutim
1205 2359 1415 2431 deambulare
1429 2360 1467 2430 bc
1481 2358 1536 2428 lo·

568 2493 613 2541 co
626 2468 739 2557 sicco,
757 2470 867 2543 donec
887 2467 1005 2554 sudet,
1025 2468 1209 2539 multorum
1225 2468 1379 2540 manibus
1402 2466 1533 2540 consri-

343 2573 346 2584 ’
372 2619 376 2626 -
498 2641 502 2648 .
568 2566 717 2677 dandum
726 2578 792 2668 est,
804 2595 842 2651 ut
857 2574 1091 2650 vehementius
1103 2575 1207 2648 sudet.
1228 2575 1417 2674 sanguinem
1431 2577 1461 2648 ei
1476 2578 1535 2648 de·

569 2686 680 2758 trahes
698 2709 717 2758 a
741 2685 883 2781 capitea
900 2682 1129 2778 superioribus
1144 2684 1268 2772 venis,
1290 2684 1344 2755 sed
1361 2710 1431 2755 non
1448 2685 1538 2753 mul·

569 2813 655 2867 tum.
678 2793 829 2890 sequenti
850 2792 904 2864 die
927 2792 969 2863 de
996 2790 1239 2887 posterioribus
1268 2792 1354 2864 locis
1381 2792 1534 2863 detrahes

573 2902 671 2998 supra
689 2902 787 2974 talos.
805 2900 908 2972 tertio
933 2900 974 2971 de
993 2900 1143 2996 gambis,
1166 2901 1222 2971 vel
1246 2899 1348 2972 desub
1370 2900 1446 2995 ipsrs
1467 2901 1535 2970 do-

572 3014 683 3084 lorum
695 3010 791 3083 locis.
806 3009 1003 3081 Memineris
1015 3009 1155 3104 semper,
1170 3034 1288 3105 parum
1303 3028 1463 3105 oportere
1478 3009 1539 3079 de·

571 3120 710 3191 trahere.
731 3122 863 3213 Aquam
882 3116 1025 3188 calidam
1043 3116 1135 3187 dabis
1153 3118 1188 3189 in
1210 3136 1318 3211 potu,
1340 3117 1374 3187 in
1396 3142 1461 3213 qua
1476 3118 1537 3188 ad·

572 3226 665 3320 jicies
688 3226 863 3320 pulverem
884 3224 982 3311 nitri,
1002 3224 1221 3298 &triticeam
1244 3225 1408 3316 farinam,
1429 3227 1536 3320 polli-

573 3359 650 3406 nem
670 3328 808 3433 quoque
830 3334 913 3407 turis
930 3333 1141 3405 acetabulum
1158 3334 1294 3429 plenum
1310 3336 1345 3406 in
1361 3336 1445 3407 vino
1459 3361 1534 3405 ma·

576 3461 725 3515 ceratum
746 3438 918 3529 infundis,
938 3444 976 3513 bc
999 3440 1114 3513 triduo
1128 3466 1187 3536 per
1203 3466 1299 3514 nares
1311 3442 1451 3540 singulas
1472 3466 1532 3513 co·

575 3552 674 3649 sylas.
697 3552 789 3623 betas
813 3551 911 3623 etiarn
934 3573 1126 3647 excoquet,
1143 3554 1182 3625 &
1205 3576 1324 3646 aquarn
1351 3576 1467 3624 earum
1491 3551 1535 3622 ad

575 3682 642 3731 tres
664 3659 809 3755 cyathos
832 3656 1021 3748 suffundes,
1038 3660 1076 3731 δι
1105 3657 1276 3729 exercebis
1301 3683 1377 3729 eum
1399 3658 1539 3755 singulis

575 3770 703 3840 diebus.
719 3785 870 3838 ventrem
891 3791 1030 3863 quoque
1042 3766 1149 3865 eidem
1165 3768 1381 3863 expurgabis,
1395 3788 1430 3837 ut
1444 3766 1506 3837 aus
1519 3801 1558 3822 .,

577 3899 670 3950 ratur
687 3879 809 3947 humor
822 3877 974 3972 pellimus
988 3928 1000 3965 ,
1012 3876 1070 3973 qui
1090 3875 1259 3948 descendit
1279 3880 1315 3947 in
1330 3902 1444 3949 venas.
1455 3878 1538 3949 Hoc

575 4011 679 4084 genus
704 3985 908 4082 purgationis
938 3983 1135 4085 adhibebis:
1160 3984 1293 4081 Thymi
1319 3985 1534 4057 acetabulum

540 4084 544 4092 ¹
578 4100 713 4189 plenum
733 4097 768 4167 in
794 4094 880 4168 vino
896 4097 1002 4167 veteri
1022 4094 1111 4167 dulci
1127 4095 1325 4177 macerabis,
1339 4098 1376 4167 dc
1391 4094 1539 4191 singulas

577 4211 710 4305 corylus
724 4231 784 4302 per
796 4230 890 4278 nares
900 4207 1007 4277 eidem
1022 4203 1189 4293 infundis,
1204 4203 1333 4275 soenum
1350 4204 1459 4276 viride
1478 4225 1539 4297 apa

538 4359 540 4364 ·
577 4320 687 4409 ponis,
706 4306 802 4413 quod
819 4314 843 4388 sr
859 4314 1022 4403 defuerit,
1036 4314 1158 4398 siccum
1182 4314 1275 4385 nitro
1296 4310 1462 4409 aspersum
1478 4315 1538 4387 da·
