3875 5759
537 889 608 988 39⁸
706 883 1339 961 vecturarum.

534 1071 597 1144 per
621 1068 662 1117 os
686 1045 852 1118 infundes.
877 1044 1051 1118 cerrilllma
1076 1045 1243 1119 medicina
1262 1046 1320 1120 esi.
1343 1045 1452 1141 Quod
1475 1043 1500 1120 fi
1572 1071 1575 1078 ·

535 1153 641 1228 ‹lolor
664 1152 954 1250 perseveraverit,
977 1153 1132 1227 soeniculi
1161 1153 1291 1225 seminis
1309 1154 1502 1227 cochlearia

534 1267 688 1364 quinque
706 1265 791 1338 bene
809 1265 885 1338 trita
900 1291 978 1339 curn
1005 1265 1092 1339 vino
1108 1265 1260 1356 srncero,
1274 1265 1327 1338 sed
1345 1265 1500 1352 cibario,

535 1379 619 1450 sext.
649 1404 661 1448 r
693 1375 796 1450 dabis.
824 1380 985 1450 Praeterea
1011 1378 1137 1473 piperis
1168 1377 1437 1475 aliquantulum,
1463 1379 1503 1450 δι

534 1485 729 1584 pelliculam
747 1487 787 1558 de
804 1509 923 1559 ventre
945 1486 1031 1583 pulli
1044 1486 1198 1560 siccatam
1213 1487 1248 1559 in
1268 1485 1372 1558 furno
1389 1485 1428 1558 &
1441 1482 1503 1558 tri«.

535 1613 604 1666 tarn
626 1618 702 1666 cum
727 1594 814 1666 vino
836 1595 939 1668 dabis.

585 1706 669 1778 Llll.
692 1704 844 1778 Vomicae
869 1703 1064 1800 plerumque
1088 1701 1288 1778 animalibus
1317 1701 1503 1775 nascuntur

535 1811 748 1888 intrinsecus.
769 1813 874 1904 Cujus
907 1813 1064 1909 paffionis
1088 1813 1178 1908 signa
1204 1813 1285 1898 sunt,
1303 1813 1387 1883 illa:
1409 1813 1504 1883 Cum
1576 1909 1580 1916 Ι

536 1922 755 2009 accubuerit,
773 1921 910 1995 difficile
924 1921 1039 2021 surgit,
1049 1945 1089 1994 os
1103 1921 1133 1991 ei
1147 1919 1290 2018 graviter
1304 1919 1432 2008 olebit,
1448 1920 1504 1990 in·

537 2032 674 2106 cumbet
688 2030 723 2102 in
736 2055 779 2102 eo
794 2032 896 2119 loco,
911 2057 928 2102 a
944 2055 1015 2126 quo
1030 2028 1225 2119 vexabitur,
1236 2029 1362 2116 tuffiet,
1378 2031 1418 2102 δι
1432 2056 1504 2123 pu·

537 2141 707 2215 rulenrum
729 2139 915 2211 exscreabit
932 2140 1113 2213 interdurn.
1132 2140 1234 2213 Turis
1256 2139 1372 2211 uncias
1393 2140 1504 2230 duas,

538 2245 762 2320 aristolochiae
789 2246 904 2320 uncias
925 2248 1006 2317 duas
1023 2246 1059 2318 in
1082 2251 1153 2318 imo
1169 2273 1245 2319 cum
1267 2246 1354 2317 vino
1373 2247 1503 2341 tepefa-

536 2355 594 2450 ᾃο
620 2378 679 2450 per
698 2377 792 2426 nares
814 2356 958 2448 degeres.
990 2358 1074 2425 lrem
1101 2355 1266 2448 sulphuris
1288 2354 1364 2427 vivi
1385 2358 1503 2430 uncias

483 2469 500 2493 ‘
538 2463 647 2551 eluar,
670 2461 893 2535 aristolochia:
916 2461 1049 2534 unciam
1082 2461 1204 2548 semis,
1227 2461 1377 2534 similiter
1400 2465 1504 2538 dabis·

540 2573 635 2646 eibo
653 2591 765 2646 autern
788 2574 931 2645 maxime
958 2570 1207 2644 sustentandum
1233 2569 1301 2659 est,
1319 2589 1357 2643 ut
1384 2574 1502 2646 habeat

539 2683 697 2778 corporis
719 2681 974 2754 nutrimentum.
990 2684 1032 2751 Et
1052 2704 1129 2752 cunr
1150 2679 1279 2774 ruperit
1303 2683 1503 2773 vomicam,

539 2792 694 2866 cauteriis
710 2793 799 2866 circa
819 2794 931 2888 peslus
946 2791 1076 2878 aduris,
1090 2814 1127 2862 ur
1142 2789 1273 2863 facilius
1293 2814 1505 2887 provocatus

540 2904 666 2974 humor
684 2922 826 2975 emanet.

590 3013 676 3082 LlV.
699 3012 826 3097 Pallio,
842 3035 943 3106 quarn
965 3008 1081 3083 Graeci
1104 3008 1323 3083 ecedermiam
1346 3033 1506 3104 vocant,

540 3115 652 3187 Latini
673 3118 880 3212 coriaginem
905 3118 1083 3214 appellant.
1105 3116 1199 3210 cujus
1222 3117 1368 3188 istasunt
1386 3121 1502 3217 fignar
1518 3139 1523 3148 “

543 3223 732 3313 Macescet,
750 3226 867 3299 &fine
887 3226 981 3298 febre
1003 3248 1074 3296 non
1089 3227 1172 3314 erit,
1188 3229 1315 3300 corium
1336 3226 1427 3297 illius
1441 3232 1508 3300 ad·

541 3332 683 3405 haerebit
703 3333 828 3423 collis,
848 3334 938 3430 spina
956 3332 993 3405 fit
1010 3335 1128 3407 durior
1140 3390 1150 3421 ‚
1162 3337 1198 3408 in
1216 3336 1315 3408 dorso
1328 3335 1395 3431 ejus
1408 3362 1502 3409 non·

541 3465 715 3538 nunquam
753 3442 922 3517 furunculi
954 3444 1048 3516 exire
1086 3448 1362 3519 consueverunt:
1394 3446 1503 3543 magis

539 3552 665 3640 etiam,
686 3578 787 3649 quam
808 3555 1012 3646 assueverat,
1033 3559 1160 3653 appetit
1182 3559 1289 3631 cibos.
1316 3553 1421 3651 Cujus
1441 3557 1505 3631 ista

542 3666 672 3739 curatio
689 3665 754 3740 est:
768 3668 943 3767 Thymum
958 3672 997 3745 &
1012 3668 1092 3743 sales
1103 3696 1180 3743 cum
1202 3670 1284 3748 vino
1300 3670 1404 3741 rubro
1419 3663 1506 3742 con·

542 3774 643 3863 teriS,
658 3776 695 3848 δι
708 3775 846 3860 tubera,
862 3777 884 3847 sr
904 3803 971 3872 qua
993 3778 1028 3850 in
1041 3803 1083 3848 eo
1097 3777 1195 3865 sunt,
1211 3779 1387 3852 confricas.
1402 3779 1506 3850 Para·

542 3881 597 3956 bis
610 3882 709 3956 etiam
728 3883 825 3957 aliam
839 3886 1034 3957 unctionem
1047 3911 1055 3957 r
1070 3886 1195 3981 picem,
1211 3913 1343 3974 ceram,
1362 3889 1505 3962 resmam

544 3992 736 4079 cavealem,
750 3995 787 4067 δι
800 3993 883 4066 turis
901 3994 1063 4088 pollinem
1085 4020 1127 4066 ex
1147 3995 1226 4069 oleo
1244 3995 1349 4065 veteri
1374 4014 1507 4095 tempe-

544 4101 633 4174 rabis
653 4128 691 4175 ac
711 4102 903 4199 decoques,
920 4122 1030 4176 totum
1045 4105 1168 4178 animal
1188 4101 1414 4179 confricando
1430 4108 1508 4180 diu·

544 4215 665 4287 riffime
684 4239 858 4313 perunges.
872 4216 936 4288 Sed
948 4239 1064 4312 parum
1084 4216 1129 4288 est
1143 4215 1301 4290 unssione
1316 4218 1417 4289 corio
1432 4244 1508 4292 rne-

544 4322 638 4416 deri,
660 4324 719 4398 nili
736 4324 933 4423 potionibus
951 4323 1178 4402 &intrinseca
1191 4346 1361 4403 curentur.
1375 4315 1509 4428 Piperis
