3875 5759
482 967 485 976 ,
567 886 639 984 με
736 866 1368 960 vecerrrurnru

435 1125 439 1132 ,
563 1045 710 1140 accidit,
730 1068 768 1123 ut
789 1046 947 1146 negleslis
967 1044 1188 1134 animalibus,
1211 1071 1287 1143 qua
1314 1045 1434 1141 primo
1453 1036 1540 1125 curn

563 1158 712 1257 perirent
732 1158 878 1245 morbo,
893 1155 1052 1238 conrado
1074 1155 1221 1229 crescens
1241 1154 1428 1252 pestilentia
1454 1185 1540 1257 gre·

562 1289 620 1363 ges
640 1267 788 1361 integros
807 1262 969 1359 perimat,
982 1285 1061 1337 cum
1086 1263 1215 1359 polluta
1236 1288 1254 1335 a
1277 1264 1447 1361 languidis
1467 1289 1539 1363 pas

561 1378 638 1452 scua
651 1429 662 1465 ,
674 1373 854 1469 insedique
866 1371 982 1446 fontes
994 1426 1005 1463 ,
1017 1371 1063 1445 ita
1077 1392 1221 1463 nocent,
1234 1372 1326 1469 quasi
1341 1374 1377 1445 in
1393 1399 1535 1451 venena

562 1503 747 1556 vertantur.
760 1482 935 1555 Postremo
948 1480 1070 1580 egroti
1086 1481 1177 1553 odor
1198 1506 1276 1554 cunr
1291 1478 1450 1557 sanorum
1465 1484 1534 1559 im·

561 1592 707 1689 pleverit
717 1592 839 1683 nares,
855 1590 929 1688 ipso
953 1590 1079 1663 foetore
1095 1588 1280 1663 visceribus
1295 1589 1532 1688 inseretmot·

561 1703 636 1777 bos.
659 1704 714 1775 Sic
729 1702 771 1776 ad
795 1703 906 1798 pullos
929 1724 1021 1773 mors
1039 1726 1057 1774 a
1079 1699 1238 1776 matribus
1258 1719 1425 1797 corrupto
1442 1702 1530 1780 lacte

559 1811 782 1911 transmigrat.
797 1812 852 1884 Sic
868 1811 909 1883 in'
924 1810 1111 1884 numerosis
1126 1807 1259 1882 stabulis
1278 1808 1434 1907 quamvis
1455 1814 1531 1887 uile

558 1919 769 2017 jumentum,
783 1920 807 1997 st
823 1919 1051 2016 contagiosam
1077 1917 1176 1990 semel
1198 1917 1375 2013 susceperit
1397 1922 1526 2016 pallio·

559 2054 657 2118 nem,
670 2027 784 2102 veloci
797 2029 934 2100 transitu
953 2026 1096 2122 pretiosa
1111 2048 1250 2122 quoque
1269 2023 1421 2117 jumenta
1437 2054 1523 2103 con-

558 2136 675 2210 sumet.
704 2139 769 2210 Sed
796 2135 973 2209 adversum
999 2136 1116 2209 omnia
1144 2132 1336 2232 diligentia,
1355 2133 1526 2225 studium,

557 2246 735 2317 herbarum
749 2243 912 2338 potestas,
927 2243 1068 2316 curandi
1091 2243 1252 2332 scientia,
1267 2245 1420 2339 prodesse
1435 2272 1524 2323 con·

556 2356 679 2429 suevit.
701 2355 806 2426 Sicuti
828 2354 1038 2427 medicorum
1065 2355 1172 2449 prima
1202 2352 1354 2427 dodrina
1381 2354 1427 2426 est
1455 2358 1523 2431 hu·

484 2455 488 2468 ’
555 2465 647 2539 mani
672 2464 827 2561 corporis
849 2484 959 2562 partes
985 2486 1262 2562 organorumque
1288 2464 1526 2561 cognoscere,

362 2531 366 2538 -
404 2623 414 2651 s
554 2576 601 2651 ita
616 2575 831 2651 necessarium
852 2572 1112 2662 Mulomedicin,
1127 2571 1169 2643 de
1185 2567 1525 2661 offibus,dcnervic

432 2775 438 2787 ,
554 2712 593 2762 ac
614 2686 712 2760 venis
732 2684 963 2780 jumentorum
988 2680 1143 2757 universa
1171 2679 1368 2777 perdiscere.
1387 2684 1519 2783 Neque

552 2790 644 2869 enim
669 2815 786 2869 corate
813 2791 1055 2872 rationabiliter
1082 2790 1190 2890 potcsl
1205 2842 1217 2882 ,
1232 2790 1293 2892 qui
1320 2793 1522 2891 qualitatem

552 2904 602 2979 rei
617 2955 629 2995 ,
648 2927 750 3002 quam
773 2922 889 2990 curat¹
905 2903 1055 3000 ignorat.

885 3135 1192 3207 Carucl.

555 3296 835 3433 JUMENTUM
859 3347 960 3450 igitur
980 3351 1079 3425 habet
1095 3352 1139 3426 in·
1156 3351 1266 3450 capite
1287 3348 1353 3425 offa
1378 3349 1472 3441 dung
1493 3381 1517 3429 a

549 3465 665 3538 fronte
676 3464 789 3561 ‘usque
816 3462 858 3536 ad
885 3489 981 3537 nares
1006 3464 1070 3537 alia
1094 3464 1187 3555 duo,
1210 3459 1393 3538 maxillaria
1417 3464 1516 3538 infe·

548 3576 639 3647 tiora
653 3574 722 3645 duo
733 3625 746 3660 ,
756 3573 871 3646 dentes
883 3572 1122 3672 quadraginta,
1138 3574 1173 3645 id
1188 3572 1256 3665 est,
1268 3572 1413 3645 molares
1428 3599 1515 3671 qua·

495 3714 499 3724 ¹
548 3705 628 3759 tuor
650 3685 690 3759 δε
709 3684 852 3781 viginti,
870 3683 1010 3789 caninos
1032 3700 1201 3783 quatuor,
1221 3707 1359 3780 rapaces
1377 3683 1514 3759 duode-

549 3794 628 3867 cim.
648 3796 685 3864 ln
708 3794 844 3867 cervice
867 3812 979 3866 autem
994 3794 1069 3898 sunt
1090 3790 1250 3890 spondyli
1276 3792 1423 3888 septem,
1436 3792 1512 3887 spa·

546 3904 628 3975 tulae
649 3927 766 3975 renum
780 3901 857 3974 sunt
872 3903 965 3974 ocio.
976 3928 997 3975 a
1009 3900 1144 3975 renibus
1166 3901 1325 3997 usquead
1340 3926 1441 3972 anum
1457 3901 1512 3975 se·

546 4030 660 4108 ptem,
678 4011 876 4085 muscarium
893 4011 1002 4086 habet·
1014 4009 1243 4086 commissuras
1257 4010 1450 4083 duodecim.
1470 4014 1512 4083 ln

546 4120 645 4193 armis
667 4120 837 4216 prioribus
860 4119 934 4193 sunt
956 4119 1080 4218 tagulae
1092 4119 1182 4193 duae.
1208 4121 1250 4193 ab
1276 4118 1376 4191 armis
1399 4119 1511 4218 usque

462 4297 479 4337 x
545 4234 588 4303 ad
598 4232 774 4306 brachiola
785 4233 868 4305 duo.
886 4237 914 4306 A
933 4228 1117 4305 brachiolis
1131 4229 1286 4327 usquead
1300 4254 1409 4328 genua
1423 4231 1510 4307 duo.

545 4341 582 4409 ln
602 4329 742 4438 genibui
759 4340 961 4439 parastatica
982 4340 1066 4417 dua.
1086 4364 1107 4415 a
1127 4339 1209 4415 tibia
1224 4338 1327 4438 usque
1351 4338 1394 4411 ad
1420 4339 1508 4411 arti·
