3875 5759
667 851 773 923 LIB.
811 850 880 923 Xi.
919 846 1357 948 OCTOBERr--J
1404 844 1472 947 183

504 1002 585 1106 Syri
598 1006 791 1082 choenicam
806 1028 958 1098 vocant,
974 1005 1132 1101 adjicies,
1152 1007 1190 1078 &
1206 987 1389 1101 superlines
1403 1005 1471 1075 do-

503 1121 611 1213 lium,
626 1125 665 1196 &
684 1122 771 1196 sexta
791 1122 848 1194 vel
865 1121 1002 1219 septima
1020 1119 1074 1193 die
1087 1119 1215 1220 aperies
1229 1121 1266 1192 ὅ(
1281 1117 1394 1190 uteris.
1408 1116 1472 1188 Vi·'

503 1257 587 1304 num
606 1229 680 1305 fieri
700 1234 741 1304 ad
758 1233 939 1329 potandam
959 1232 1062 1305 suave
1080 1232 1125 1304 ira
1139 1230 1257 1304 dicunt
1273 1256 1282 1301 τ
1301 1226 1471 1301 Foeniculi

475 1442 477 1445 v
502 1342 561 1414 vel
583 1342 732 1437 saturejae
759 1344 965 1443 singulorum
991 1368 1182 1442 congruum
1212 1341 1353 1414 modum
1381 1339 1470 1412 vino

501 1447 655 1549 immergi
670 1469 771 1550 atque
786 1453 933 1540 turbari,
947 1452 1004 1524 vel
1019 1452 1186 1537 feudum,
1200 1476 1299 1547 quem
1316 1451 1391 1521 duae
1405 1466 1470 1520 nu·'

500 1584 557 1632 ces
572 1562 680 1656 pineae
699 1565 946 1660 produxerint,
965 1563 1182 1636 torrefasium
1200 1563 1238 1640 δι
1260 1561 1367 1632 lin-reo
1382 1559 1470 1662 liga-

499 1682 570 1737 tum
597 1668 686 1741 mirri
708 1671 743 1743 in
771 1672 931 1761 vasculo,
948 1697 988 1745 ac
1006 1669 1217 1767 superliniri,
1243 1671 1280 1743 &
1305 1666 1379 1739 usui·
1402 1665 1467 1738 effe

498 1776 657 1875 quinque¹
671 1781 788 1855 diebus
810 1784 944 1856 exadis.
968 1782 1097 1853 Vinum
1120 1798 1230 1853 autem
1248 1778 1343 1851 velut
1367 1795 1467 1850 vetus

497 1885 585 1958 effici
606 1889 648 1962 de
674 1892 817 1965 novello
829 1890 1076 1986 ,sramygdala
1097 1913 1207 1959 amara
1218 1884 1465 1974 ,absinthium
1580 1960 1584 1967 ,

496 1992 567 2087 pini
591 1994 745 2094 frugiferi
767 2022 912 2096 gumen,
929 1995 1061 2067 foenum
1077 1997 1238 2068 Graecum
1261 1991 1356 2063 simul
1373 1990 1466 2064 srah-

495 2128 572 2200 gas,
596 2126 760 2202 quantum
788 2109 938 2183 sufficere
958 2106 1151 2199 aestimaris,
1170 2108 1209 2182 &
1234 2095 1358 2203 pariter
1384 2121 1464 2174 tun·

495 2216 575 2303 das,
597 2216 635 2288 &
651 2241 692 2288 ex
714 2218 767 2290 his
787 2244 891 2291 unum
912 2219 1075 2318 cyathum
1098 2242 1157 2315 per
1170 2205 1369 2313 amphoram
1384 2210 1464 2283 mira

493 2341 566 2413 tas,
581 2326 618 2398 δι
634 2351 752 2423 magna
770 2327 849 2399 vina
870 2326 1044 2402 conficies.
1065 2329 1100 2401 Si
1122 2352 1209 2400 vero
1228 2323 1366 2403 senseris
1383 2345 1462 2418 pec·

491 2454 624 2524 catura,
643 2435 722 2510 huic
744 2436 954 2511 consedioni
976 2439 1100 2528 aloen,
1115 2414 1316 2537 myrrham,
1332 2457 1469 2507 crocoe

470 2588 472 2593 ·
490 2569 643 2643 magma,
659 2548 786 2647 singula
801 2550 912 2623 modis
930 2549 1118 2647 aequalibus
1131 2547 1225 2621 tunsa
1238 2547 1275 2618 &
1286 2545 1320 2615 in
1338 2542 1479 2637 quisve-¹

486 2674 559 2723 rem
581 2656 711 2729 redasia
742 2682 821 2729 cum
851 2657 950 2727 melle
975 2655 1147 2738 miscebis,
1167 2655 1204 2726 δι
1228 2676 1300 2722 uno
1327 2648 1458 2747 cyatho

488 2784 588 2833 unam
605 2764 802 2883 amphoram
818 2764 960 2835 condire
978 2761 1118 2835 curabis.
1145 2759 1350 2832 Annicuium
1367 2781 1457 2854 quo·
1481 2772 1488 2795 ⁴

487 2891 555 2961 que
579 2869 697 2940 vinum
716 2889 776 2956 ,ut
797 2871 934 2965 longam
958 2870 1109 2942 simulare
1125 2869 1280 2948 videatur
1302 2886 1455 2956 aetatem,

489 2975 635 3049 meliloti
666 2978 800 3052 unciam
830 3006 954 3070 unam,
982 2978 1192 3079 glycyrhizae
1224 2978 1340 3050 uncias
1366 2996 1454 3064 tres,

487 3084 585 3155 nardi
603 3086 714 3160 celtici
738 3088 935 3161 tantundem
950 3143 961 3180 ,
976 3090 1070 3161 aloes
1088 3088 1231 3186 epatices
1246 3087 1359 3162 uncias
1372 3087 1454 3182 duas
1529 3178 1535 3189 ,

485 3192 601 3267 tundis
624 3198 661 3270 &
683 3198 813 3289 cernis,
828 3201 865 3272 &
892 3200 930 3286 in
950 3199 1100 3272 sextariis
1121 3196 1364 3298 quinquaginta
1390 3222 1453 3270 co·

486 3302 628 3376 chlearia
650 3304 705 3379 sex
724 3310 892 3398 reconde,
908 3312 1019 3384 &vas
1041 3307 1142 3407 ponis
1165 3307 1200 3380 in
1218 3306 1327 3402 sumo,
1348 3311 1384 3380 ln
1404 3308 1453 3386 ah,

484 3413 565 3485 hum
590 3416 743 3490 colorem
765 3418 848 3491 vina
869 3418 960 3492 fusca
985 3418 1108 3502 mutari
1131 3417 1451 3513 [asserunr,]s1ex

484 3524 560 3598 faba
577 3526 766 3601 lomentum
783 3529 907 3601 sadum
927 3530 1012 3602 vino
1031 3513 1105 3625 quis
1118 3528 1271 3621 adjiciat,
1287 3526 1345 3601 vel
1358 3552 1450 3600 ovo·
1500 3623 1504 3629 ἢ

475 3661 555 3721 Ι,ιυιη
575 3635 677 3709 trium
692 3637 835 3736 lagoenae
855 3638 1009 3711 infundat
1023 3641 1173 3713 alborem
1185 3694 1197 3730 ,
1204 3641 1337 3766 diuque
1352 3665 1448 3714 com·

482 3765 643 3845 moveat,
664 3746 816 3845 sequenti
841 3749 895 3823 die
916 3750 1096 3824 candidum
1121 3750 1288 3847 reperiri.
1306 3747 1449 3847 quodsi

483 3876 524 3923 ex
541 3852 620 3925 Afra
642 3854 710 3949 pisa
727 3856 914 3931 lomentum
934 3856 1128 3952 adjiciatur,
1146 3857 1260 3931 eadem
1281 3857 1337 3929 die
1350 3854 1449 3958 posse

479 3939 614 4037 inurari.
635 3964 770 4039 Viribus
789 3992 928 4067 quoque
947 3970 1033 4042 hanc
1045 3967 1109 4041 esse
1128 3989 1301 4057 naturam,
1317 3984 1354 4040 ut
1369 3964 1446 4040 alba

483 4071 595 4141 vel
562 4098 655 4169 nigra
679 4074 704 4147 fi
723 4057 945 4175 redigantur
936 4106 972 4151 1n
992 4078 1158 4170 cinerem,
1183 4082 1338 4175 vinoque
1361 4074 1446 4170 adji-

483 4176 634 4262 ciantur,
651 4183 682 4254 ei
701 4210 975 4285 unamquamque
997 4186 1139 4259 sormam
1160 4181 1390 4260 suicoloris
1379 4214 1442 4262 rm·

481 4313 611 4387 ponere
621 4311 681 4385 ,ur
697 4318 740 4369 ex
750 4295 848 4395 nigra
865 4296 1014 4393 fuscum,
1028 4298 1205 4400 candidum
1223 4321 1308 4371 vero
1322 4300 1442 4380 reddas]
1462 4353 1464 4357 .

1109 4461 1116 4475 u
1164 4410 1202 4480 M
1228 4432 1252 4497 4
