3875 5759
677 907 1094 1015 nrnrlrto.
1297 970 1365 1018 ω

419 1101 542 1175 tinam.
562 1097 710 1172 Primum
733 1099 856 1173 nullius
879 1099 926 1174 rei
949 1100 1084 1174 scientia
1102 1096 1182 1171 vilis
1207 1097 1265 1172 est.
1286 1104 1373 1173 Nam

421 1234 500 1283 cum
516 1209 670 1283 humana
683 1210 762 1281 vitae
780 1210 1039 1284 conversatione
1054 1207 1143 1281 alind
1157 1207 1373 1305 fugiendum,

423 1317 514 1419 aliud
529 1344 612 1390 vero
626 1320 848 1417 sequendum
862 1344 932 1390 non
945 1318 992 1389 est
1004 1316 1147 1413 perseda
1162 1316 1296 1412 petitia,
1311 1316 1373 1388 nili

420 1450 497 1519 qnae
511 1446 649 1521 utraque
660 1428 874 1524 cognoverit.
889 1426 1048 1513 Deinde,
1061 1424 1134 1522 quis
1147 1424 1283 1496 aeslimet
1296 1448 1373 1494 eru·

421 1532 624 1607 bescendum
639 1535 736 1608 talem
748 1537 920 1632 peritiam,
935 1562 1010 1633 quae
1024 1538 1143 1610 damna
1155 1535 1373 1608 submoveat?

421 1643 511 1714 Nam
527 1644 607 1717 sicut
629 1644 842 1746 incolumitas
863 1644 1091 1744 jumentorum
1107 1644 1204 1715 babet
1218 1644 1375 1734 lucrum,

419 1746 466 1821 ita
486 1775 603 1822 eorum
631 1752 782 1826 interitus
806 1751 922 1826 afferre
946 1750 1082 1822 videtur
1107 1750 1376 1828 incommodum.

419 1859 600 1955 presertim
622 1886 699 1935 cum
719 1860 907 1954 mancipia,
920 1882 1066 1952 quorum
1089 1857 1219 1954 plebeja
1242 1859 1374 1932 curatio

417 1986 489 2040 non
505 1987 636 2061 putatur
648 1967 732 2062 saepe
745 1966 924 2040 vilioribus
937 1964 1069 2058 pretiis,
1082 1990 1182 2062 quam
1197 1967 1274 2063 equi
1291 1992 1375 2039 ven·

417 2075 540 2147 dantur
560 2093 618 2160 aut
636 2075 729 2147 muli.
749 2072 925 2146 Postremo
946 2072 1015 2144 five
1031 2073 1073 2144 ad
1087 2075 1256 2147 vehendos
1275 2074 1375 2147 locu·

418 2182 526 2276 pletes
540 2203 656 2274 aptos,
666 2181 734 2254 sive
746 2181 782 2253 in
795 2179 875 2257 circi
889 2181 1110 2254 contentione
1121 2181 1290 2270 vidores,
1305 2182 1374 2257 live
1407 2191 1411 2196 ’

419 2288 456 2359 in
472 2290 627 2386 proeliis,
644 2310 683 2365 nt
702 2290 748 2364 ita
768 2289 934 2378 dixerim,
958 2289 1205 2386 probatissimos
1226 2290 1373 2365 bellato-

417 2420 498 2481 res,
522 2398 720 2471 acerrimum
746 2399 892 2472 studium
917 2424 1135 2497 amoremque
1156 2401 1287 2474 constat
1311 2401 1372 2473 ha·

417 2506 497 2579 bere
518 2508 746 2582 dominorum.
771 2512 846 2582 Nec
864 2509 1035 2581 immerito
1061 2510 1232 2601 voluptati
1258 2528 1373 2579 natum

418 2612 541 2685 animal
557 2636 612 2686 ant
627 2615 742 2698 saluti,
760 2616 899 2711 gratiam
911 2631 1057 2683 meretur
1072 2614 1113 2683 ab
1125 2614 1272 2685 homine.
1287 2614 1375 2704 Quis
1394 2673 1402 2684 r

417 2739 531 2793 autem
555 2723 647 2794 nosse
668 2746 763 2795 curas
785 2720 1013 2813 jumentorum
1031 2720 1290 2790 erubescendum
1309 2746 1374 2813 pu·

417 2847 490 2918 tet,
515 2856 593 2904 eum
620 2831 749 2925 optima
766 2829 916 2920 jumenta
942 2827 1062 2899 habere
1085 2827 1271 2926 gloriosum
1299 2829 1375 2902 srtd

419 2938 509 3030 Quis
522 2938 762 3034 vituperationi
777 2941 853 3025 det,
872 2936 906 3007 id
918 2936 1010 3031 posse
1023 2961 1163 3032 curare,
1178 2939 1272 3034 quod
1284 2938 1376 3012 laudi

418 3048 554 3120 ducitur
574 3047 764 3144 possidere?
778 3044 901 3120 Forsan
915 3046 985 3142 ipsa
1004 3069 1108 3142 opera
1130 3046 1376 3131 mulomedico·

417 3181 494 3228 rum
509 3156 640 3229 videtur
650 3155 833 3248 abjedior‚
848 3153 971 3226 notitia
980 3174 1090 3226 autem
1104 3154 1385 3241 curationisnon.
1460 3166 1470 3178 ”

416 3262 525 3335 solunt
544 3264 799 3346 bonestiffimis‚
819 3261 990 3336 sedetiam
1007 3262 1220 3336 disertissimis
1241 3290 1375 3337 conve·
1415 3325 1418 3331 .

417 3372 491 3461 nit,
514 3388 551 3443 ut
572 3373 769 3469 provisione
793 3373 831 3444 δι
855 3370 1073 3467 ordinatione
1100 3371 1226 3445 sollerti
1252 3374 1375 3446 curatis

415 3480 701 3570 animalibus,&
732 3479 863 3551 damnis
888 3498 1046 3568 careant,
1075 3484 1111 3555 δι
1141 3475 1376 3576 voluptatibus

417 3590 646 3688 perfruantur.
660 3590 725 3662 Sed
737 3588 794 3660 alii
806 3587 917 3659 morbi
934 3588 1025 3678 sunt,
1036 3589 1097 3685 qni
1109 3615 1146 3663 ea
1160 3614 1289 3663 tantum
1305 3591 1377 3663 ani·

415 3698 538 3787 masia,
556 3724 631 3796 quae
655 3717 908 3794 occupaverunt
923 3679 1109 3785 ,’vexant=
1132 3700 1187 3771 alii
1204 3703 1303 3772 eriam
1332 3699 1375 3770 ab

336 3824 381 3866 s
417 3830 489 3878 uno
513 3808 567 3877 vel
589 3807 828 3901 paucioribus,
848 3830 923 3901 que
939 3826 1100 3900 pereunt,
1113 3807 1148 3877 in
1171 3808 1283 3901 plura,
1299 3829 1374 3898 quat

417 3918 543 4013 pariter
560 3917 765 3989 stabulantur
778 3920 833 3986 vel
845 3916 996 3999 aluntur,
1012 3917 1046 3987 in
1062 3935 1155 3990 totos
1170 3918 1285 4011 laepius
1298 3941 1375 4011 gre·

415 4048 477 4119 ges
491 4022 663 4096 saeviffima
677 4028 880 4123 contagione
901 4024 1156 4122 transmigrant}
1170 4049 1205 4097 ut
1220 4023 1375 4119 quamvis

419 4127 535 4199 sanum
558 4130 681 4201 animal
699 4132 786 4200 intra
808 4132 911 4199 breve
929 4150 1084 4223 tempus,
1108 4132 1224 4202 altenae
1241 4130 1376 4222 aegritu·

420 4233 508 4305 dinis
529 4236 659 4309 afflante
673 4238 798 4309 vicinia
808 4291 819 4330 ,
833 4258 972 4333 repente
990 4240 1155 4332 depereat.
1181 4238 1313 4309 Redius
1329 4239 1375 4311 esi

403 4385 407 4406 ι
421 4369 504 4443 ergo
515 4368 633 4418 eorum
647 4351 739 4443 prius
751 4347 951 4422 morborum
965 4350 1003 4423 ἃ
1016 4350 1106 4447 ligna
1118 4350 1156 4421 &
1169 4357 1280 4420 caulas
1292 4372 1374 4444 ptae·
