3875 5759
577 981 579 986 ,
624 925 696 999 ns
720 924 976 997 mutuum
1001 922 1172 996 auum
1196 926 1284 997 era.
1312 911 1317 924 '
1362 929 1432 1023 467

480 1094 545 1179 lio,
560 1093 740 1173 Bubulcus,
756 1090 932 1171 Subulcus,
950 1088 1080 1177 opilio,
1103 1088 1295 1178 Caprarius,
1316 1091 1437 1161 Porcu-

481 1211 586 1285 lator,
608 1198 669 1295 qui
690 1194 846 1266 observat
869 1194 1039 1289 porcellos
1059 1194 1227 1268 ledentes.
1245 1200 1435 1271 Avsrurvs

481 1309 544 1394 est,
558 1306 616 1403 qui
631 1327 713 1376 aves
726 1303 890 1375 villaticas
903 1302 1008 1397 pascit
1018 1305 1054 1375 δι
1066 1317 1183 1388 curat3
1200 1323 1364 1391 sauros,
1378 1304 1439 1401 qui

482 1417 618 1512 saginat.
630 1414 749 1485 Horat.
770 1439 791 1486 2
810 1414 875 1484 Sat.
893 1438 931 1507 3,
946 1416 1022 1483 Cum
1032 1415 1150 1506 scurris
1158 1412 1272 1503 sartor.
1291 1415 1438 1513 Antiqua

483 1526 678 1621 inscriptio:
696 1544 826 1597 rvruu
849 1544 1016 1597 sauros.
1035 1527 1320 1619 Gnteruanrus,
1339 1537 1440 1603 cura·

484 1654 541 1710 tor
562 1637 777 1733 gallinarum,
795 1655 1002 1722 mutilem,
1020 1632 1195 1729 saginatos.
1212 1640 1323 1709 Varro
1338 1639 1379 1711 de
1405 1665 1441 1714 re

484 1747 566 1819 rust.
589 1772 623 1817 1:
643 1749 720 1841 Qua
738 1750 928 1841 gallinatius
944 1769 1177 1816 curatorearum
1191 1748 1343 1843 itepoffit.
1357 1748 1441 1823 ibid.

488 1862 539 1927 Ut
557 1858 696 1926 maxims
712 1855 937 1945 faditauenmt
951 1855 1088 1920 Deliaci.
1103 1850 1227 1925 Cicero
1250 1856 1443 1931 Academic.

485 1989 524 2037 2:
538 1970 744 2057 Accepimus,
760 1967 840 2032 Deli
847 1956 1118 2057 futffi'cornplures
1126 1962 1233 2056 saluis
1245 1968 1332 2034 rebus
1349 1968 1442 2055 illis,

486 2081 539 2169 qai
552 2078 693 2168 gallinas
703 2078 782 2141 aare
790 2076 960 2161 permultas
974 2070 1099 2169 quastus
1117 2072 1361 2167 causasolerent.
1377 2077 1444 2148 Pli·
1481 2169 1483 2174 Ι

487 2186 563 2254 nius
598 2206 667 2253 10:
688 2182 838 2251 Gallinas
856 2183 1006 2275 flagitiare
1036 2184 1167 2254 Deliaci
1196 2209 1313 2278 rupere.
1338 2188 1443 2259 SAL!-

489 2309 656 2364 c‘raurus
679 2288 750 2375 ell,
767 2288 826 2382 qui
853 2286 999 2359 {alidum
1023 2294 1190 2378 curat‚'&
1213 2318 1255 2362 ex
1277 2319 1320 2365 eo
1344 2316 1447 2369 mate·

488 2400 572 2470 riam
597 2396 751 2491 salignam
772 2415 888 2489 parat,
909 2397 964 2467 vel
983 2398 1133 2469 texendis
1161 2401 1338 2487 corbibus,
1353 2405 1447 2476 cani·

490 2507 580 2596 llris,
602 2509 638 2578 δι
662 2505 818 2594 cistellis,
844 2505 900 2579 vel
921 2505 985 2578 viti
1007 2508 1192 2599 pedandae,
1218 2507 1447 2607 iugandaeque.

489 2621 575 2689 Sunt
594 2615 682 2687 enim
701 2618 837 2709 salicum
856 2615 926 2682 duo
947 2619 1083 2709 genera:
1098 2613 1172 2684 aliae
1193 2621 1379 2707 viminales,
1396 2622 1447 2692 su·

490 2725 649 2822 pelleuili
673 2722 832 2791 villaticae
847 2720 1019 2805 rexendae;
1041 2720 1113 2792 aliae
1129 2728 1316 2813 perticalis,
1339 2730 1448 2805 vineis

491 2833 643 2931 iugandis
663 2828 720 2900 vel
736 2827 851 2900 ¹soboli
872 2827 1088 2921 plantandae,
1109 2831 1162 2900 vel
1185 2832 1328 2928 denique
1352 2836 1449 2934 saepi·

492 2941 615 3016 mentis
636 2941 732 3011 ulum
753 2937 913 3032 praebent.
933 2935 1033 3009 Unde
1059 2938 1149 3009 Cato
1169 2940 1204 3010 in
1228 2942 1449 3023 aestimatione

473 3052 696 3150 'praediorum
722 3048 858 3119 tertium
881 3047 996 3121 locum
1019 3049 1137 3120 tribuit
1160 3050 1294 3150 salillo,
1317 3082 1450 3152 praepo.

495 3164 611 3257 nitque
634 3158 790 3244 olivetis,
807 3157 891 3255 agris
920 3155 1203 3233 frumentariis&
1224 3162 1337 3255 pratis.
1360 3168 1449 3241 SAL·

496 3290 664 3346 russatus
687 3284 829 3341 vocatur
856 3266 967 3338 custos
993 3264 1158 3338 saltuum:
1187 3267 1257 3340 five
1283 3270 1450 3349 frulluum

495 3378 809 3455 conservandorum
824 3374 928 3470 gratia
949 3392 1081 3466 paratus
1100 3374 1162 3460 fit,
1179 3375 1246 3448 fise
1265 3365 1381 3451 finium
1397 3407 1453 3456 tu·

496 3491 675 3561 tandorum
695 3484 862 3568 causa,ut
889 3479 944 3549 ille
967 3480 1124 3575 Tyrrhus
1149 3481 1379 3577 Virgilianus,
1401 3497 1453 3563 cui

497 3605 559 3667 late
584 3596 719 3694 custodia
746 3591 859 3659 credita
878 3591 991 3679 campi.
1017 3589 1106 3658 Nam
1132 3592 1278 3663 omnino
1299 3593 1454 3675 Saltuarii

499 3704 718 3778 continentur
743 3698 965 3769 instrumento
980 3697 1038 3785 ‚sss
1060 3695 1180 3770 fundus
1204 3699 1300 3774 saltus
1326 3709 1452 3799 pallio·
1533 3723 1535 3728 '

491 3811 625 3907 melque
638 3808 772 3880 habeat:
786 3806 865 3879 licut
879 3806 978 3876 etiam
995 3807 1159 3877 accerime
1170 3808 1407 3905 instrumento,
1428 3819 1453 3892 li
1540 3823 1543 3827 '

500 3922 584 3993 villa
604 3916 729 3991 cultior
742 3915 807 4001 est,
819 3933 998 3986 scopauu
1010 3966 1021 4002 ,
1035 3916 1073 3987 δι
1088 3912 1116 3984 st·
1135 3914 1292 3990 viridaria
1315 3918 1454 4017 habeat,

501 4050 677 4105 roman
687 4079 696 4108 ‚
706 4026 766 4123 qui
778 4026 898 4096 hedera
912 4024 1200 4098 deambulationes
1211 4027 1456 4122 gestationesve

454 4213 458 4220 ,
495 4138 744 4224 ¹convestiunt,
763 4137 800 4207 δι
825 4132 949 4205 formas
972 4135 1081 4205 varias
1101 4158 1143 4205 ex
1166 4135 1308 4229 plantis,
1329 4140 1456 4214 arbori·

503 4253 582 4333 bns,
598 4246 773 4319 fruticibus
793 4243 989 4339 compositis
1004 4247 1042 4316 br
1056 4244 1185 4336 plicatis
1201 4246 1364 4319 reddunt:
1380 4249 1402 4319 sr
1418 4251 1456 4324 in

503 4384 587 4460 agro
608 4357 805 4432 venationes
821 4353 914 4444 sunt,
930 4373 1181 4440 versutorum
1197 4355 1222 4426 st
1240 4356 1284 4427 ab
1308 4361 1456 4458 aucupio

1163 4466 1268 4561 Gga
1309 4509 1329 4534 ι
