3875 5759
597 904 731 976 nnus
758 901 973 976 versum.
999 903 1099 974 srve
1125 905 1316 976 uuuou.
1344 975 1347 984 ,
1371 927 1441 1002 397
1487 975 1492 995 ,

528 1066 566 1135 L.
588 1064 653 1135 Sed
666 1063 834 1136 interdum
849 1063 956 1151 biles,
978 1089 1053 1161 quar
1068 1065 1216 1138 cholerae
1230 1065 1442 1162 appellantur

481 1172 608 1267 vulgo,
620 1171 728 1243 solent
742 1172 887 1267 jumenta
904 1198 1038 1246 vexare.
1053 1199 1129 1270 quaa
1146 1173 1248 1271 passro
1262 1175 1314 1248 his
1327 1177 1443 1248 decla·

481 1296 572 1347 ratur
593 1278 746 1351 indiciis:
763 1283 1016 1356 Commovetur
1031 1306 1076 1353 ac·
1093 1280 1291 1372 volutatur,
1306 1302 1342 1354 ut
1355 1278 1442 1354 stro-

481 1382 620 1477 phosus,
633 1387 834 1485 Sanguinem
846 1388 886 1460 de
900 1387 1032 1461 ceruice
1048 1388 1187 1477 emittis,
1202 1388 1340 1460 daturus
1355 1387 1444 1480 ejus·

483 1493 578 1563 modi
599 1497 766 1568 continuo
787 1496 984 1592 potionem:
1003 1499 1125 1569 Herbae
1139 1497 1311 1593 trixaginis
1333 1497 1440 1593 nigrae

484 1601 619 1673 unciam
640 1605 748 1691 semis,
769 1631 901 1680 mannae
922 1606 1048 1681 succari
1065 1606 1200 1680 unciam
1222 1632 1342 1694 unam,
1362 1605 1443 1678 nitri
1554 1635 1557 1641 ·
1586 1621 1589 1627 '

484 1709 600 1783 uncias
617 1711 719 1805 duas,
738 1715 815 1788 altei
838 1715 955 1789 uncias
976 1715 1079 1800 duas,
1097 1713 1169 1788 vini
1186 1712 1309 1806 optimi
1333 1713 1442 1786 sexta·

468 1813 572 1886 -rium
597 1844 730 1909 unum,
753 1842 933 1910 conteres,
957 1847 1001 1892 ex
1029 1845 1115 1914 aqua
1141 1819 1246 1891 mulsa
1270 1820 1440 1896 heminam

484 1951 584 1998 unam
603 1956 662 2024 per
681 1932 841 2004 sinistram
856 1956 969 2002 narem
983 1928 1151 2001 infundes.

541 2039 593 2107 LI.
618 2040 727 2129 Quod
754 2039 927 2111 sraridam
952 2037 1053 2108 bilem
1083 2036 1262 2126 habuerit,
1289 2054 1444 2136 myrtum

486 2144 648 2237 agrestem
670 2171 746 2217 cum
774 2148 858 2217 vino
881 2145 1060 2218 contritam
1084 2172 1142 2242 pet
1161 2172 1274 2220 narem
1296 2148 1446 2219 dextram

487 2249 669 2342 defundes,
684 2280 747 2349 pro
773 2258 905 2347 hordeo
931 2256 980 2328 sat
1000 2255 1167 2330 triticeum
1193 2258 1298 2331 dabis.
1321 2253 1444 2328 Potio·

487 2382 564 2430 nem
587 2358 689 2454 ipsam
710 2366 908 2458 temperabis
925 2390 966 2437 ex
983 2390 1079 2463 aqua.

536 2472 602 2541 L11.
627 2471 706 2543 coli
732 2475 836 2567 paffio
860 2476 1071 2573 gravissimos
1094 2471 1259 2547 cruciatus
1285 2470 1445 2562 jumentis

487 2578 665 2652 consuevit
681 2580 824 2672 inferre,
839 2584 884 2654 ita
903 2605 939 2655 ut
959 2583 1102 2655 cardiaci
1123 2599 1178 2651 aut
1197 2579 1363 2671 strophosr
1381 2579 1447 2650 esse

487 2687 681 2774 credantur,
700 2691 753 2760 sed
772 2692 821 2761 his
844 2688 1036 2783 agnoscitur
1052 2688 1163 2783 srgnis.
1187 2687 1275 2754 Cum
1299 2686 1380 2770 stat,
1396 2707 1450 2754 re.

487 2811 589 2886 pente
610 2794 783 2880 concidit,
802 2815 838 2866 ut
861 2815 1029 2888 arreptum
1045 2791 1201 2888 putes,·sr
1223 2790 1297 2862 satis
1312 2790 1448 2885 suspen·

489 2901 560 2972 sum
584 2901 707 2988 suerit,
731 2904 834 2974 dolor
857 2903 1091 3004 subsequitur,
1111 2905 1148 2975 δι
1171 2900 1258 2992 jacet
1285 2924 1449 2972 nonnun-

490 3033 614 3104 quam:
636 3035 712 3082 cum
733 3011 884 3106 frigidam
903 3037 1024 3107 aquam
1037 3009 1221 3105 acceperit,
1238 3008 1350 3079 tremit
1365 3062 1376 3096 ,
1394 3009 1451 3080 su·

491 3117 573 3207 dat,
597 3118 742 3191 anhelat.
767 3123 832 3193 cui
860 3123 920 3196 hac
947 3122 1078 3195 ratione
1097 3116 1326 3192 succurritur:
1354 3117 1449 3188 Anisr

491 3223 624 3298 Pontici
644 3229 776 3301 unciam
802 3241 926 3317 unam',
952 3227 1147 3325 petroselini
1171 3226 1303 3298 unciam
1325 3253 1452 3317 unam,

491 3331 649 3408 foeniculi
663 3337 796 3428 seminis¹
811 3340 963 3426 unciam,
977 3337 1101 3434 piperis
1114 3335 1202 3431 nigri
1218 3335 1333 3406 uncias
1346 3336 1451 3422 duas,

490 3445 652 3517 marrubii
674 3451 805 3520 unciam
830 3473 957 3535 unam,
980 3444 1135 3517 abrotani
1161 3447 1295 3516 unciam
1323 3470 1449 3531 unam,

491 3549 605 3620 anethi
618 3553 732 3624 uncias
743 3573 827 3632 tres,
842 3551 999 3622 Levistici
1012 3553 1117 3647 sctup.
1133 3578 1169 3644 4,
1184 3572 1371 3625 centaureae
1385 3551 1451 3622 mi·

494 3659 589 3729 noris
607 3662 644 3733 δι
658 3661 793 3757 majoris
808 3661 923 3733 uncias
939 3661 1037 3752 duas,
1051 3662 1205 3734 cametris
1217 3660 1452 3746 semiunciam,

493 3769 666 3863 eupatoris
688 3770 795 3866 scrup.
809 3791 978 3867 quatuor,
993 3770 1175 3869 gingiberis
1192 3770 1325 3843 unciam
1340 3770 1452 3856 semis,

495 3881 621 3979 pulegii
637 3880 866 3973 semiunciam,
882 3902 964 3953 rutae
985 3883 1143 3966 unciam,
1161 3881 1229 3975 apii
1247 3879 1380 3949 unciam
1402 3876 1454 3949 se·

496 3993 582 4079 mis,
602 3992 724 4087 pariter
740 3993 978 4065 contundes&
999 4014 1125 4063 cernes.
1139 4008 1221 4062 tunc
1239 3987 1345 4058 mellis
1360 3984 1455 4082 opti·

496 4103 544 4173 mi
566 4103 715 4196 pondera
736 4105 805 4174 duo
820 4103 914 4174 cosia
934 4105 973 4174 &
994 4099 1184 4196 despumatas
1205 4122 1281 4170 cum
1297 4094 1455 4166 omnibus

497 4213 636 4297 misces,
658 4239 699 4284 ex
713 4239 783 4310 quo
797 4212 1042 4285 medicamento
1056 4209 1097 4280 ad
1112 4205 1377 4304 magnitudinem
1394 4229 1455 4276 nu·

498 4323 545 4397 cis
567 4323 728 4398 avellanae
744 4350 821 4403 cum
842 4349 936 4424 aquae
957 4320 1078 4420 tepidae
1100 4318 1244 4394 sextario
1269 4315 1395 4404 ddum,
1416 4317 1460 4406 δι,
