3875 5759
558 907 1419 1038 napnttlntrnnrrnn

552 1093 703 1179 fuerant,
728 1116 869 1183 occare,
890 1094 960 1170 hoc
985 1094 1055 1188 est,
1081 1081 1216 1191 operire
1242 1095 1320 1190 jam·
1340 1093 1517 1170 convenil,

551 1203 652 1276 Nunc
672 1202 714 1274 ad
730 1201 848 1275 rudem
871 1202 1068 1281 faciendam¹
1083 1204 1167 1276 filva
1187 1206 1355 1294 caedatur,
1377 1204 1515 1303 quando

552 1311 649 1414 omni
663 1310 786 1385 fronde
800 1311 921 1388 vestita
937 1311 996 1386 esf.
1013 1314 1178 1388 Caedendi
1196 1334 1306 1387 autem
1320 1316 1377 1388 hic
1396 1315 1516 1386 modus

551 1419 615 1508 est,
630 1439 668 1492 ut
682 1423 835 1518 optimus
860 1423 1034 1520 operarius
1058 1422 1094 1496 in
1119 1423 1185 1522 alta
1209 1421 1291 1496 silva
1314 1422 1421 1494 modii
1447 1422 1517 1517 spa·
1600 1409 1604 1419 ⁸

550 1531 656 1619 tium,
672 1532 855 1608 mediocris
870 1553 955 1608 vero
969 1531 1068 1607 tertia
1088 1531 1200 1606 minus
1221 1532 1322 1629 posfit
1335 1531 1517 1606 abscidere.

551 1639 655 1714 Nunc
667 1643 707 1716 δι
718 1641 895 1718 seminaria
918 1641 1097 1717 fodiuntur
1117 1633 1259 1732 allidue,
1270 1643 1309 1716 δι
1326 1641 1414 1714 locis
1428 1665 1517 1736 prae·

549 1747 725 1844 gelidis&
751 1751 920 1850 pluviosis
944 1753 1031 1826 oleae
1055 1767 1233 1849 putantur,
1254 1749 1362 1823 &eis
1384 1749 1518 1822 muscus

549 1859 730 1936 abraditur.
749 1868 794 1936 At
809 1863 834 1935 st
849 1863 924 1964 quis
943 1863 1099 1962 lupinum
1116 1857 1321 1936 stercorandi
1335 1858 1405 1956 agri
1420 1859 1518 1933 causa

548 1967 745 2061 seminabit,
759 1992 872 2047 aratro
885 1975 981 2047 illum
998 1998 1091 2048 nunc
1106 1969 1241 2046 debebit
1254 1987 1420 2043 evertere.

582 2069 641 2156 ¹V.
666 2084 860 2156 Hortorum
873 2083 1001 2184 spatia,
1013 2105 1090 2180 qua
1103 2083 1401 2179 per'tttasiumnum
1421 2077 1518 2150 semi·

501 2207 503 2212 '
549 2188 649 2263 nibus
668 2190 838 2287 implenda
854 2194 1085 2292 destinantur,
1099 2216 1158 2267 aut
1172 2187 1296 2289 plantis
1304 2245 1318 2284 ,
1330 2216 1422 2264 nnnc
1435 2213 1518 2261 con·

549 2296 668 2371 veniet
689 2299 864 2394 pastinare.
892 2301 973 2375 Hoc
995 2301 1111 2392 mense
1130 2305 1245 2397 apium
1268 2304 1354 2374 bene
1377 2301 1494 2372 seritur
1506 2349 1519 2386 ,

547 2406 634 2480 stcut
646 2406 712 2500 jam
725 2428 803 2483 ante
817 2411 943 2483 dislum
955 2410 1020 2499 cll,
1035 2409 1093 2482 vel
1109 2409 1344 2497 coriandrum,
1358 2410 1395 2479 &
1410 2407 1520 2477 melo·

549 2541 628 2607 nes,
642 2520 680 2592 δι
693 2519 892 2608 cucurbitae,
911 2521 1074 2603 carduus,
1087 2521 1125 2591 δι
1141 2518 1284 2609 radices,
1298 2522 1336 2592 &
1349 2538 1423 2589 ruta
1437 2541 1519 2611 pan·

548 2649 681 2728 geritur.
695 2631 792 2704 Porri
807 2641 953 2731 quoque·
963 2633 1078 2731 planta
1093 2629 1313 2721 transfertur,
1325 2649 1363 2702 ut
1377 2628 1519 2725 rigatio·

548 2743 648 2815 nibus
667 2742 845 2818 animetur.
984 2783 987 2788 ·

599 2853 659 2923 Vl.
681 2851 781 2926 Locis
797 2850 914 2926 calidis
936 2875 1029 2926 nunc
1045 2853 1134 2925 mala
1146 2851 1275 2924 Punica
1290 2849 1413 2922 florere
1431 2848 1518 2922 inci·

549 2962 661 3059 piunt.
677 2965 808 3036 Ramus
825 2987 909 3060 ergo
930 2951 1008 3036 c'um
1021 2962 1225 3055 flore,srcut
1236 2963 1402 3036 Martialis
1416 2961 1519 3048 dicit,

434 3095 436 3100 ’
548 3071 576 3142 -fl
587 3072 716 3144 obruto
729 3071 821 3145 circa
839 3071 998 3144 arborem
1011 3071 1106 3146 fiuili
1128 3073 1205 3146 vase
1218 3072 1411 3160 claudatur,
1426 3073 1462 3141 δι
1477 3094 1519 3140 ne

549 3171 889 3280 re'liliat,ligeturad
905 3181 1118 3280 palum,pro
1144 3181 1272 3255 vasculi
1291 3179 1518 3276 magnitudine

550 3311 693 3384 pomum
713 3287 822 3360 reddit
848 3291 1043 3362 auslumno.
1064 3293 1155 3362 -Hoc
1176 3285 1407 3361 etiamn'rense
1432 3286 1518 3355 locis

550 3398 669 3498 calidis
696 3397 903 3496 emplastra'ri
932 3401 1081 3474 Perseus
1106 3399 1227 3495 potesl.
1259 3396 1361 3469 Locis
1387 3394 1516 3493 frigidis

551 3532 643 3579 nunc
661 3507 738 3580 citri
750 3507 854 3581 arbor
875 3507 1049 3596 inseritur,
1068 3511 1108 3582 δι
1125 3498 1181 3598 ea,
1195 3533 1271 3606 quae
1291 3505 1454 3590 dislaest,
1467 3504 1517 3575 di·

456 3689 459 3694 ,
549 3614 690 3712 sciplina
711 3613 871 3692 servetur.
887 3619 989 3689 Nunc
1008 3615 1136 3714 frigidis
1148 3617 1235 3688 locis
1247 3613 1414 3709 ziziphum
1430 3636 1518 3684 con-

550 3725 715 3814 feremus,
730 3727 769 3800 δι
786 3724 886 3822 ficum
907 3725 1092 3799 inferimus.
1113 3727 1190 3798 Hoc
1204 3725 1305 3796 etiam
1319 3723 1431 3796 mense
1445 3722 1518 3817 pal·

550 3860 615 3907 mae
628 3834 742 3929 planta
758 3831 959 3931 disponitur.

598 3948 673 4018 Vll.
693 3947 796 4021 Nunc
818 3946 983 4021 castrandi
1005 3945 1082 4016 sunt
1101 3941 1324 4035 vituli,s1cut
1339 3945 1441 4038 Mago
1463 3942 1517 4014 di·

551 4055 621 4146 cit,
643 4074 758 4129 tenera
781 4075 901 4143 aetate,
920 4075 958 4128 ut
982 4048 1051 4126 filla
1071 4052 1176 4125 serula
1199 4051 1343 4126 testiculi
1367 4052 1517 4147 compri-

399 4235 404 4244 ,
550 4183 709 4258 rnantur,
724 4168 763 4240 &
775 4167 934 4264 paulatim
949 4163 1115 4243 confrasli
1129 4163 1356 4236 resolvantur.
1372 4163 1434 4234 Sed
1450 4162 1518 4237 hoc
1561 4175 1564 4180 '

550 4270 631 4343 luna
653 4273 867 4348 decrescente
886 4297 1000 4348 verno
1021 4269 1081 4344 vel
1098 4270 1280 4342 auelumno
1302 4265 1374 4340 fieri
1396 4269 1517 4340 debere

551 4382 716 4479 precipit.
740 4384 808 4460 Alii
828 4384 933 4484 ligato
959 4382 1002 4457 ad
1023 4380 1215 4457 machinam
1236 4380 1368 4469 vitulo,
1388 4379 1516 4453 duabus
