3875 5759
567 914 635 989 106
684 884 1431 994 rustrort‘uu'rrrrr
1549 931 1553 939 ·

491 1085 493 1089 '
562 1092 654 1148 reat:
667 1071 788 1146 deiude
810 1072 899 1145 infra
919 1092 1046 1147 terram
1065 1072 1161 1172 supra
1182 1074 1310 1145 nodum
1335 1074 1531 1165 recidatur.

562 1202 602 1256 ut
622 1200 742 1279 operta
761 1182 803 1255 de
827 1180 956 1279 frigore
977 1183 1016 1255 bc
1032 1180 1103 1255 sole
1124 1181 1209 1255 nihil
1228 1183 1355 1255 timeat.
1380 1186 1458 1256 Hoc
1480 1183 1528 1255 fa·

565 1282 781 1381 ciendum,s1
796 1289 919 1386 optimi
939 1288 1071 1388 generis
1089 1290 1168 1363 vitis
1181 1290 1238 1380 su,
1260 1291 1377 1365 &alte
1399 1290 1530 1391 positar

563 1398 717 1494 alioquin
737 1396 905 1495 generosas
927 1397 1046 1470 melius
1068 1396 1133 1471 erit
1153 1396 1327 1472 inserenda
1347 1398 1533 1474 sarmentis.

561 1509 690 1581 Omnia
704 1508 801 1605 supra
822 1509 908 1582 dicta
925 1508 1010 1582 locis
1023 1507 1139 1582 calidis
1158 1508 1270 1604 primo
1284 1510 1395 1580 mense
1410 1507 1530 1606 3srigi·

562 1619 613 1692 dis
633 1645 720 1692 vero
733 1618 808 1715 posi
829 1618 909 1691 Idus
927 1615 1272 1714 ipsus'exsequemur.
1292 1618 1409 1714 AEgras
1424 1617 1533 1706 vites,

560 1729 619 1800 vel
641 1730 763 1825 quibus
779 1727 906 1801 frudun
919 1726 1058 1814 arescit,
1071 1724 1329 1815 circumfodies,
1343 1726 1531 1799 &urinam

560 1857 710 1915 veterem
724 1836 902 1910 suffundes.
922 1836 1003 1907 item
1021 1834 1170 1910 cinerem
1185 1833 1340 1907 sarmenti
1357 1835 1412 1907 vel
1427 1858 1530 1929 quer-

560 1946 592 2017 ci
612 1966 710 2019 aceto
734 1945 880 2017 mixtum
906 1943 1054 2036 subjice,
1069 1962 1128 2015 ant
1150 1941 1269 2017 incisas
1292 1942 1384 2016 circa
1403 1961 1531 2015 terram

560 2054 728 2138 laetamine
751 2052 933 2139 refovere,
953 2056 991 2127 δι
1010 2076 1086 2149 quae
1101 2052 1290 2151 germinant
1306 2051 1453 2125 fortiora
1473 2053 1528 2123 di-

561 2166 669 2239 mitte.
695 2168 786 2236 Cum
815 2164 895 2237 vitis
922 2162 1059 2235 bidente
1080 2165 1213 2235 laeditur
1236 2156 1298 2237 ‘aur
1322 2163 1429 2251 serm,
1457 2163 1531 2259 pla·

492 2347 494 2351 ,
559 2298 658 2369 garn,
682 2272 706 2341 si
726 2290 822 2343 terrae
840 2270 954 2363 juncia
969 2270 1162 2358 esi,adline
1182 2273 1328 2346 stercore
1345 2273 1456 2345 ovillo
1474 2271 1531 2345 vel

561 2382 733 2478 caprino:
756 2398 840 2453 tunc
860 2400 947 2452 terra
972 2377 1078 2453 mixta
1103 2380 1318 2454 circumfossa
1341 2383 1444 2479 ligare
1469 2409 1536 2455 cu-

561 2508 650 2565 rato.
673 2490 709 2578 Si
729 2491 764 2562 in
785 2488 899 2563 radice
918 2485 994 2563 laesa
1012 2489 1080 2579 est,
1100 2488 1262 2587 operiens
1282 2491 1449 2589 liquidum
1473 2492 1533 2565 lae·

531 2677 534 2682 ,
561 2616 675 2673 tamen
694 2597 851 2672 admisce.
1098 2623 1100 2626 ·

435 2742 438 2749 ·
529 2794 532 2802 .
610 2714 699 2783 Vlll.
722 2710 827 2783 Nunc
839 2708 926 2782 oleis
939 2709 1171 2794 laborantibus
1185 2710 1314 2787 circum
1336 2713 1463 2787 radices
1477 2714 1534 2789 in·

561 2817 646 2895 sulsa
669 2832 803 2892 amurca
829 2811 998 2889 fundetur.
1026 2816 1179 2899 maximis
1211 2821 1411 2909 arboribus,
1437 2826 1535 2922 quod

562 2924 758 3001 Columella
775 2924 878 3012 dicit,
894 2924 950 2996 sex
971 2927 1089 3023 congii
1100 2980 1111 3014 ‚
1122 2928 1352 3008 mediocribus
1367 2952 1533 3028 quatuor,

563 3034 684 3107 ceteris
706 3058 770 3129 pro
792 3033 1012 3107 ‘aestimatione
1035 3036 1214 3111 sufficiunt.
1240 3041 1311 3111 Alii·
1323 3042 1432 3136 paleas
1447 3043 1535 3114 sabae

511 3134 514 3146 ’
564 3142 668 3215 binos
683 3166 742 3237 per
753 3140 918 3237 majorem
932 3144 1089 3217 arborem
1101 3147 1244 3243 qualos,
1255 3147 1311 3218 alii
1327 3148 1451 3223 veteris
1464 3150 1532 3220 uri·

565 3278 620 3325 ηε
642 3252 797 3326 humane.
812 3273 959 3344 trunco,
974 3274 1138 3352 quantum
1153 3254 1230 3328 satis
1245 3257 1404 3347 videtur,
1421 3256 1535 3331 affun-

346 3378 349 3384 ’
449 3402 451 3407 -
565 3363 669 3451 dunt,
688 3363 857 3436 &arbori
877 3366 1077 3438 mortarium
1098 3363 1535 3456 llarimfaciunr,maxime

564 3470 650 3543 locis
671 3470 784 3561 fineis,
803 3492 931 3545 trunco
950 3491 1029 3545 ante
1048 3490 1229 3569 cooperto.
1252 3473 1373 3547 O-leam
1390 3474 1532 3550 sterilem

468 3643 471 3649 s
565 3579 697 3651 terebra
716 3580 846 3654 Gallica
869 3581 1065 3678 perforabis.
1084 3579 1166 3655 tunc
1188 3582 1460 3681 duossrugiserae
1476 3610 1532 3656 ar-

566 3688 661 3761 boris
683 3690 725 3761 ab
736 3690 875 3765 australi
887 3711 1112 3789 parteramos
1130 3690 1277 3785 ejusdem
1292 3693 1533 3791 magnitudinis

447 3811 451 3816 “
566 3799 853 3891 tollis,&slrisle
866 3802 904 3874 in·
916 3802 1074 3876 foramen
1085 3823 1265 3901 utrumque
1283 3799 1447 3897 conjicies
1461 3804 1534 3895 [vel
1600 3895 1605 3904 θ

568 3906 735 4004 lapidem,
751 3909 809 3981 vel
823 3910 895 4005 pini
910 3912 967 3984 vel
980 3911 1099 4010 querci
1112 3910 1208 4009 palos
1218 3912 1249 4005 ‚]‚
1259 3911 1298 3984 &
1311 3908 1450 3983 absciso
1465 3934 1532 3999 eo,

473 4014 476 4018 ’
500 4109 504 4116 ¹
567 4022 663 4115 quod
683 4018 848 4115 superabit
857 4075 874 4118 ‚y
883 4022 957 4094 luto
980 4023 1113 4118 paleato
1126 4023 1259 4095 curabis
1279 4018 1447 4094 occulere.
1468 4021 1534 4095 Sed

567 4126 593 4196 sr
608 4128 676 4199 fine
690 4127 785 4225 sruge
799 4128 991 4220 luxuriant,
1006 4129 1139 4202 oleaslri
1155 4130 1270 4226 palum
1281 4128 1453 4203 radicibus
1463 4128 1534 4221 ejus

569 4233 681 4331 infige.
696 4237 929 4328 Numeriam,
944 4240 1067 4336 quibus
1080 4240 1186 4313 moris
1205 4240 1271 4330 est,
1290 4237 1458 4311 frumenta
1472 4239 1533 4311 ite·

490 4368 493 4385 ⁸
558 4367 644 4433 tum
675 4345 791 4423 sarrire
821 4348 1019 4426 conveniet.
1044 4349 1148 4427 Nunc
1171 4349 1261 4427 locis
1285 4347 1413 4449 frigidis
1434 4347 1534 4425 serni·
