3875 5759
606 827 740 954 turis
764 878 977 954 varrum.
1002 879 1316 957 srveuurom
1378 907 1444 985 ²53

485 1040 580 1131 sunt,
594 1040 828 1115 conservanda
846 1038 1134 1128 estconsuetudo,
1144 1062 1186 1116 nt
1199 1040 1331 1144 pridie,
1346 1047 1463 1141 quam

486 1178 574 1227 vena
590 1152 754 1247 pulsetur,
773 1151 997 1225 sustententur
1018 1152 1207 1226 levioribus
1220 1156 1257 1227 δι
1274 1155 1449 1251 pauciori·

486 1262 548 1333 bus
570 1262 676 1351 cibis,
693 1279 731 1335 ut
747 1285 806 1356 per
820 1260 976 1331 diallema
995 1255 1187 1357 composito
1201 1284 1348 1357 corpore
1363 1261 1449 1352 sint,

488 1393 559 1439 non
574 1370 708 1441 turbato
722 1394 782 1466 per
794 1368 1060 1466 indigestionem.
1075 1377 1111 1442 lo
1125 1370 1200 1445 solo
1214 1392 1323 1446 autem
1338 1399 1448 1470 aequa·

410 1573 412 1578 ,
486 1479 511 1551 li
531 1479 650 1553 statues
667 1479 879 1575 jumentum,
905 1481 1144 1578 cervicemque
1163 1481 1254 1557 illius
1272 1481 1351 1555 loro
1373 1483 1448 1557 cin·

484 1620 562 1695 ges,
576 1619 648 1692 quo
670 1593 809 1669 stridius
829 1594 924 1692 super
940 1594 1089 1692 scapulas
1103 1614 1281 1693 tangatur,
1298 1614 1337 1668 ut
1360 1619 1449 1669 vena

484 1705 586 1801 poffit
600 1705 642 1776 ab
662 1705 778 1802 aliquo
795 1705 916 1779 clarius
936 1704 1071 1778 intueri.
1096 1705 1198 1776 Tunc
1215 1704 1354 1803 spongia
1368 1729 1450 1781 cum

484 1839 571 1909 aqua
594 1839 714 1887 venam
732 1812 835 1911 ipsam
852 1811 983 1885 lavabis
1001 1813 1038 1883 δι
1053 1809 1139 1904 saepe
1158 1810 1330 1908 deterges,
1343 1832 1381 1884 ut
1396 1814 1448 1885 al·

485 1918 551 1994 tius
573 1923 729 1997 emineat.
749 1920 911 1994 Pollicem
927 1942 1068 2015 quoque
1091 1916 1228 1989 lini-stra
1252 1944 1370 1992 manus
1394 1921 1448 1990 in·

484 2029 589 2103 terius
609 2034 799 2128 deprimes,
814 2047 851 2099 ut
871 2050 942 2099 non
961 2026 1095 2116 eludat,
1111 2025 1327 2101 &tumidior
1348 2049 1449 2127 atque

484 2136 637 2211 inflatior
650 2165 737 2214 vena
758 2137 921 2212 reddatur.
937 2137 1197 2237 consequenter
1209 2138 1304 2235 juxta
1318 2166 1447 2237 praece·

484 2266 582 2339 ptum
608 2247 706 2337 artis,
722 2248 777 2322 vel
798 2246 947 2323 animalis
973 2248 1075 2347 iplius
1099 2248 1325 2347 positionem,
1350 2251 1446 2348 sagit·
1484 2277 1501 2308 ν

484 2370 550 2424 tam
572 2355 644 2428 dari
664 2357 779 2431 calibis
792 2356 906 2457 exiges
926 2359 1059 2433 cotibus
1072 2360 1159 2432 bene
1179 2377 1356 2434 acutatam.
1372 2362 1449 2440 ou·

483 2460 631 2537 servabis
645 2472 852 2564 quoque,'ne
866 2467 964 2542 altius
976 2467 1147 2564 imprimas
1160 2492 1318 2559 manum,
1332 2474 1369 2548 dt
1384 2501 1445 2572 gu·

481 2570 548 2643 lam
570 2592 670 2673 atque
692 2578 926 2675 gurgulionem
950 2600 1106 2670 rumpas,
1121 2577 1160 2647 δι
1183 2578 1338 2650 arteriam
1363 2609 1448 2676 prae·

482 2680 584 2753 cidas.
607 2683 677 2758 hoc
697 2686 785 2756 enim
810 2686 892 2756 vitae
912 2682 1092 2757 consuevit
1111 2680 1237 2755 inferre
1251 2685 1447 2779 periculum.

482 2787 639 2858 Perculsa
659 2811 772 2876 vena,
786 2783 920 2886 foenum
940 2787 994 2860 vel
1008 2786 1209 2884 farraginem
1224 2791 1266 2860 ad
1280 2794 1447 2869 edendum

484 2920 638 2989 apponas
656 2898 818 2983 animali,
836 2916 1000 2994 quatenus
1026 2895 1211 2994 agitatione
1236 2903 1446 2979 maxillarum

485 3005 606 3078 melius
628 3025 780 3102 erumpat
804 3005 971 3105 sanguinis
985 3004 1138 3102 impetus.
1161 3005 1250 3079 curu
1265 3030 1378 3084 autem
1393 3013 1447 3085 ni·
1494 3057 1499 3082 r

483 3138 544 3211 ger
558 3116 613 3185 vel
629 3135 808 3211 corruptus
820 3116 943 3187 humor
954 3122 1108 3211 ageretur
1120 3166 1132 3201 ,
1145 3114 1201 3187 vel
1216 3118 1360 3211 coeperit
1374 3146 1447 3193 ma·

483 3242 565 3289 nare
585 3220 724 3314 purior,
739 3221 844 3293 statim
856 3219 1048 3313 jumentum
1061 3220 1160 3292 tolles
1175 3248 1194 3293 a
1210 3224 1289 3296 cibo
1303 3278 1315 3314 ,
1327 3229 1365 3299 &
1380 3227 1444 3300 im·

481 3328 591 3422 posita
603 3327 706 3402 fibula
721 3356 820 3403 venae
839 3332 967 3426 plagam
982 3329 1174 3427 adstringes.
1193 3336 1231 3404 ln
1248 3336 1342 3431 plaga
1357 3361 1444 3409 vero

480 3439 657 3533 pittacium
673 3430 849 3535 imponas,
863 3458 900 3509 ut
912 3439 1105 3533 diligentius
1119 3441 1267 3523 claudat,
1280 3443 1357 3515 licet
1370 3446 1458 3556 qgris

483 3545 561 3615 dam
589 3567 727 3619 utantur
751 3552 789 3622 δι
816 3567 917 3619 creta.
942 3547 1079 3619 Deinde
1099 3548 1133 3618 in
1156 3550 1337 3633 tenebroso
1363 3551 1445 3624 loco

484 3654 525 3726 δι
543 3654 655 3724 calido
669 3656 788 3728 statues
806 3653 1019 3751 jumentum,
1035 3659 1070 3728 δι
1085 3654 1305 3755 farraginem,
1320 3659 1344 3732 fi
1358 3681 1445 3731 tem·

483 3788 549 3859 pus
566 3763 630 3853 est,
650 3767 704 3837 vel
726 3767 858 3840 foenum
875 3766 1103 3838 mollilltmum
1117 3768 1210 3844 dabis
1233 3772 1355 3865 septem
1372 3771 1447 3839 die-

484 3871 548 3943 bus
568 3898 608 3944 ac
623 3874 788 3947 nodlibus.
801 3900 920 3972 aquam
936 3874 1036 3945 etiam
1051 3874 1189 3962 offeres,
1208 3894 1243 3945 ut
1257 3926 1268 3961 ,
1283 3875 1307 3943 st
1325 3874 1444 3945 volue-

484 3983 552 4072 rit,
573 3985 676 4057 bibat.
698 3985 762 4057 Sed
780 3988 910 4059 triticea
933 3984 1065 4081 farrago
1090 3988 1284 4057 hordeacea.
1307 3982 1444 4077 praefer·

485 4093 882 4190 tur:quaes1defuerit,
904 4093 1122 4167 hordeaceam
1145 4097 1247 4165 dabis.
1268 4096 1444 4166 Memento

486 4201 612 4290 etiam,
630 4206 726 4301 quod
747 4230 784 4276 ea
809 4206 931 4278 melior
950 4205 1011 4293 stt,
1032 4229 1110 4303 quae
1134 4202 1283 4277 vicinior
1310 4204 1444 4276 marinis

486 4306 642 4385 fluetibus
664 4311 773 4389 fuerit.
790 4313 931 4411 Propter
944 4314 1039 4413 quod
1056 4333 1209 4391 ventrem
1228 4306 1357 4382 facilius
1375 4309 1443 4383 sol·
