3875 5759
603 835 733 969 nuru
760 891 972 990 varrum.
994 894 1096 1004 srva
1122 837 1306 970 uuuou.
1371 923 1438 997 335
1471 972 1475 979 x
1571 955 1579 963 .

480 1055 756 1146 tunsiselibram,
774 1058 812 1129 δι
826 1056 995 1151 decoques
1012 1080 1089 1128 cum
1109 1054 1247 1130 lacerto.
1264 1059 1350 1131 Cum
1365 1058 1443 1133 sue·
1472 1139 1475 1144 ,

425 1156 428 1161 ’
480 1167 526 1241 rit
543 1165 746 1257 resolutum,
759 1165 898 1240 calentia
909 1164 1066 1236 universa
1080 1165 1231 1256 celabis,
1244 1166 1444 1267 abjestisque

420 1277 424 1288 ’
481 1278 606 1352 ollibus
619 1280 657 1351 δι
669 1278 920 1375 purgamentis,
934 1277 1100 1374 liquatum
1115 1276 1321 1368 medicamen
1338 1280 1374 1352 in
1388 1281 1444 1354 ol·

402 1477 405 1481 y
452 1470 454 1473 v
479 1389 546 1462 lam
560 1386 723 1475 remittes,
735 1389 788 1475 δι,
803 1412 879 1460 cum
896 1411 1026 1484 ungues
1037 1385 1192 1486 indurare
1204 1387 1366 1479 volueris,
1378 1415 1445 1461 un·

417 1509 420 1516 '
481 1496 593 1594 gulam
609 1496 834 1586 subradis‚&
859 1495 983 1568 sadum
1011 1495 1217 1593 unguentum
1241 1496 1278 1568 in
1301 1521 1445 1571 cannam

483 1604 627 1679 viridem
641 1605 770 1694 mittes,
782 1603 938 1677 adhibitis
951 1603 1155 1678 carbonibus
1168 1628 1277 1701 prope
1289 1604 1446 1695 fervens,

483 1740 546 1812 per
565 1739 706 1788 cannam
720 1713 858 1796 instillas
871 1712 1026 1811 ungulisr
1046 1712 1265 1808 provisurus,
1280 1738 1322 1785 ne
1338 1707 1444 1789 coro·

421 1862 427 1881 r
485 1850 563 1899 nam
581 1844 695 1924 tangas
708 1843 763 1899 aut
782 1820 973 1915 ranulas‚‘s1
993 1824 1045 1897 his
1066 1823 1239 1919 exceptis,
1259 1826 1293 1897 in
1316 1813 1445 1903 solos&

485 1932 522 2007 in
549 1934 693 2008 circuitu
721 1933 919 2007 solidaturus
939 1932 1097 2027 ungulam
1123 1931 1343 2008 confricabis.
1370 1938 1446 2010 Me·

485 2042 623 2118 mineris
641 2062 773 2133 autem,
791 2040 930 2138 ungulas
954 2041 1179 2114 excrescendo
1203 2041 1388 2133 renovari,
1406 2045 1460 2118 δι’

439 2188 441 2191 ’
486 2152 566 2227 ideo
583 2152 786 2249 interpofitis
806 2151 922 2225 diebus
942 2150 1000 2223 vel
1023 2149 1157 2248 singulis
1186 2152 1352 2228 mensibus
1371 2156 1448 2228 talis

472 2286 568 2337 cura
589 2285 660 2334 non
682 2261 808 2356 deerit,
828 2284 887 2357 per
912 2282 1016 2358 quam
1034 2277 1162 2348 naturae
1185 2262 1379 2336 emendatur
1396 2261 1449 2334 in·
1515 2260 1521 2266 ’

488 2370 637 2445 firmitas.
1073 2426 1076 2431 -

536 2484 625 2555 LlX.
645 2477 850 2561 Animalium
871 2476 969 2553 dorsa
987 2496 1026 2552 ut
1040 2478 1165 2553 laboris
1181 2480 1361 2575 plurimum
1377 2481 1450 2555 sen·

488 2590 598 2680 tiunt,
614 2591 658 2663 ita
679 2590 873 2687 diligentius
898 2590 973 2662 sunt
994 2592 1151 2664 curanda.
1177 2594 1334 2686 Exceptis
1357 2594 1449 2671 enim
1548 2633 1552 2644 ι

442 2758 444 2762 ,
489 2699 565 2798 his,
584 2700 646 2796 qui
668 2696 818 2793 deputati
838 2698 912 2770 sunt
932 2698 1049 2783 circo,
1066 2698 1231 2795 reliquum
1253 2701 1449 2789 mulorum,

489 2831 678 2904 equorum,
692 2795 931 2899 asinorumque
952 2828 1055 2902 genus
1074 2804 1235 2877 subsellis
1254 2823 1311 2876 aut
1332 2804 1450 2903 sagmis

491 2916 568 2991 solo
589 2906 693 3009 tergo,¹
711 2912 840 3009 praessat
865 2913 1028 2991 officium.
1050 2916 1149 2988 Unde
1173 2914 1372 3006 laudabilior
1394 2915 1449 2987 iri-

494 3022 615 3096 dustria
635 3021 701 3111 est,
722 3046 798 3117 quae
817 3021 1084 3098 incolumitatem
1107 3042 1240 3112 tuetur,
1261 3041 1359 3119 quam
1376 3030 1452 3120 quae

494 3133 588 3229 cupit
609 3131 684 3206 laesa
701 3129 822 3206 curari.
847 3157 924 3205 nam
950 3133 1120 3232 diligentia
1142 3132 1291 3206 defendit
1302 3160 1325 3206 a
1342 3134 1453 3223 vitio,

493 3244 519 3317 s1
543 3264 705 3318 centones
733 3242 792 3316 vel
819 3243 892 3342 saga
920 3244 1067 3341 primum
1095 3244 1310 3335 sufficientia,
1332 3244 1452 3317 deinde

492 3354 610 3427 mollia
629 3341 871 3449 imponantur,
884 3355 921 3425 δι
946 3352 1039 3439 lota,
1057 3372 1156 3449 atque
1169 3353 1210 3423 ad
1229 3370 1359 3446 tempus
1372 3352 1451 3423 dili·

493 3481 611 3559 genter
626 3461 781 3549 excuffa‚
796 3486 839 3531 ne
858 3458 989 3552 aliquid
1009 3459 1178 3531 sordidum
1199 3480 1257 3534 aur
1270 3459 1452 3555 asperitatis

494 3570 679 3656 inhaerear,
694 3569 791 3664 quod
807 3568 867 3640 sub
880 3567 1031 3661 pondere
1044 3564 1206 3638 inulceret
1221 3567 1354 3663 pellem.
1368 3589 1452 3640 runc

495 3674 680 3773 sagmatum
705 3674 761 3747 vel
791 3674 943 3748 sellarum
973 3669 1124 3743 mensura
1151 3674 1388 3760 conveniens,
1413 3678 1453 3747 δι

496 3805 574 3881 apta
596 3781 737 3880 qualitas
760 3781 859 3857 debet
877 3779 1039 3857 adhiberi.
1064 3778 1097 3848 Si
1123 3777 1213 3849 enim
1235 3781 1292 3852 isla
1318 3781 1453 3854 minora

495 3893 645 3983 fuerim,
660 3890 717 3963 'vel
737 3890 885 3985 majora,
901 3883 1118 3989 angustiora,¹
1134 3888 1190 3959 vel
1205 3887 1290 3959 ultra
1312 3889 1452 3978 modum

495 4004 590 4093 lata,
612 4002 669 4077 vel
691 4023 768 4098 quae
794 4023 864 4070 non
893 4015 1110 4097 congruunt,
1137 3995 1285 4093 graviter
1313 4016 1456 4069 nocent.

497 4112 590 4185 Hinc
611 4110 701 4184 enim
719 4105 930 4196 collisiones,
949 4106 1221 4204 suppurationes,
1235 4102 1453 4199 apostemata·

501 4247 568 4317 que
581 4222 777 4306 nascuntur,
791 4242 867 4315 cupr
882 4222 980 4294 nimis
995 4219 1079 4291 locis
1095 4216 1312 4314 iiraequalibus
1327 4216 1453 4310 premi·
1540 4226 1542 4230 ’

502 4351 558 4404 tur
570 4331 742 4431 pondere,
757 4326 813 4406 vel
827 4326 988 4408 discentes
1003 4330 1177 4405 traducam
1198 4326 1382 4401 mercurius
1396 4342 1454 4399 aut
