3875 5759
606 946 737 1052 rums
763 895 978 1021 saraam.
1005 948 1105 1019 srva
1129 949 1313 1022 muron.
1338 904 1340 907 ⁴
1368 972 1439 1049 409

487 1102 553 1199 rit,
574 1104 724 1198 pastillos
745 1106 786 1178 ad
805 1106 899 1178 nucis
919 1107 1179 1205 magnitudinem
1201 1109 1327 1199 facies,
1351 1124 1441 1208 quos

487 1231 603 1289 ternos
624 1240 702 1292 cum
722 1218 851 1315 butyro
865 1216 982 1289 diebus
1002 1216 1152 1313 quinque
1170 1218 1226 1292 vel
1242 1218 1365 1315 septem
1380 1221 1441 1291 de-

486 1349 592 1419 geres.
614 1325 736 1397 ltemst
759 1352 802 1399 ex
824 1325 978 1409 faucibus
996 1327 1090 1400 causa
1111 1326 1178 1416 ell,
1192 1326 1341 1401 occisum
1364 1328 1441 1422 pul-

487 1431 557 1503 lum
580 1419 799 1529 palpitantem
816 1434 965 1537 aperies,
990 1436 1027 1508 δι
1054 1435 1148 1509 tollis
1170 1433 1241 1530 ejus
1267 1435 1443 1509 ventricu·¹
1487 1526 1490 1530 λ

487 1541 582 1631 lum,
603 1566 702 1637 quem
718 1569 792 1617 cum
808 1543 868 1615 suo
881 1543 1027 1619 stercore
1045 1544 1209 1620 calentem
1223 1546 1441 1643 &integrum

487 1645 871 1746 inxmelldconvolves,
890 1651 932 1727 &¹
947 1651 1177 1749 per'canalem
1197 1652 1342 1750 degeres.
1364 1678 1442 1727 cer·

487 1759 708 1835 tissimumac
734 1788 854 1835 verum
881 1762 1064 1835 remedium
1093 1757 1150 1835 est.
1177 1761 1211 1834 si
1237 1764 1443 1858 exasperatio

486 1874 628 1970 gutturis
650 1875 799 1949 moverit
813 1872 944 1959 tuffim,
959 1874 1105 1944 murrhae
1127 1872 1245 1944 uncias
1258 1873 1362 1959 duas,
1385 1874 1444 1967 pid

485 1984 574 2080 peris
592 1986 707 2059 uncias
722 1985 823 2071 duas,
838 1981 969 2053 seminis
989 1981 1050 2054 lini
1063 1981 1144 2055 frixi
1164 1984 1203 2055 δι
1219 1981 1350 2054 contuli
1369 1980 1444 2054 sexi
1477 2052 1482 2060 ,

484 2093 631 2179 tarium,
651 2089 854 2166 cardamomi
874 2089 1114 2183 semiunciam,
1132 2117 1211 2165 uvae
1226 2089 1320 2187 passae
1336 2089 1445 2161 sexta·

486 2200 597 2290 rium,
617 2200 729 2273 nuclei
750 2199 954 2290 sextarium,
977 2201 1085 2274 mellis
1109 2202 1228 2299 pondo
1247 2199 1340 2287 dno,
1362 2199 1445 2271 <lilia

485 2325 601 2403 genter
625 2308 703 2382 trita
731 2310 928 2383 commisces
952 2335 993 2384 ac
1016 2311 1209 2409 decoques,
1233 2309 1379 2405 pastillos
1400 2306 1443 2380 ad

483 2416 579 2502 nucis
598 2417 862 2515 magnitudinem
872 2417 1001 2505 facies,
1020 2438 1134 2491 ternos
1148 2417 1185 2490 in
1205 2417 1260 2490 die
1274 2417 1420 2513 degeres,

530 2526 669 2597 vatl.
687 2526 800 2616 Tuffi,
811 2552 889 2622 quae
907 2552 948 2599 ex
961 2528 1141 2599 acerbitate
1162 2526 1342 2595 humorum
1361 2536 1445 2619 proi.

486 2632 604 2723 venit,
627 2634 685 2707 tali
706 2632 837 2707 ratione
859 2631 1072 2705 succurritur.
1097 2635 1135 2702 ln
1158 2630 1274 2725 primis
1293 2649 1463 2727 purgans,

483 2739 562 2812 dum
575 2740 622 2813 ell
640 2764 764 2835 corpus
778 2738 951 2813 tuffientis.
973 2740 1197 2812 Cucumerem
1211 2738 1323 2833 itaque
1342 2736 1443 2809 silva·

482 2850 587 2922 ticum
603 2851 659 2921 vel
678 2848 804 2920 radices
818 2846 890 2940 ejus
908 2873 985 2921 cum
1001 2847 1092 2922 nitro
1111 2845 1341 2921 Alexandrino
1355 2837 1443 2921 con-

484 2973 590 3033 teres,
603 2953 827 3050 adjundoque
843 2952 927 3028 vino
942 2973 1056 3028 vetere
1069 2979 1128 3052 per
1146 2978 1187 3026 os
1200 2949 1291 3029 dabis
1308 2953 1350 3028 ad
1362 2977 1441 3028 cor·

483 3088 543 3136 nu.
564 3065 654 3155 Quae
670 3062 769 3162 potio
787 3089 865 3137 eum
888 3063 1052 3138 laxaverit
1070 3084 1246 3153 ventrem,
1260 3063 1334 3161 post
1351 3063 1442 3135 diem
1491 3059 1499 3070 “

481 3171 617 3247 tertium
640 3172 766 3271 squillae
788 3172 962 3247 validioris
987 3172 1094 3271 scrup.
1118 3191 1265 3270 quatuor
1288 3189 1442 3246 cantune

482 3282 562 3368 des,
585 3282 623 3354 δι
639 3281 763 3378 optimi
782 3270 914 3371 laseris,
929 3299 1093 3379 quantum
1110 3281 1197 3355 fabae
1218 3282 1343 3377 patitur
1365 3306 1441 3355 ma·

480 3390 645 3487 gnitudo,
658 3388 875 3476 commisces,
889 3389 1028 3485 vinique
1041 3389 1176 3463 odorati
1188 3389 1386 3476 sextarium,
1399 3391 1442 3463 δι’

480 3496 549 3571 olei
563 3499 698 3573 veteris
710 3498 830 3571 libram
849 3496 962 3585 addis,
977 3500 1015 3573 δι
1030 3524 1106 3573 cum
1126 3500 1299 3599 diligenter
1321 3498 1438 3571 omnia
1498 3582 1502 3607 Ι

483 3605 707 3694 cribraveris,
724 3604 838 3676 triduo
858 3626 918 3699 per
932 3622 973 3677 os
990 3603 1156 3680 defundes
1171 3607 1213 3682 ad
1232 3632 1352 3682 cornu.
1365 3604 1438 3678 Illis

481 3739 622 3813 quoque
647 3713 839 3793 suffimentis
857 3738 928 3786 non
947 3713 1084 3803 minus,
1102 3740 1202 3814 quam
1219 3716 1438 3813 potionibus,
1454 3710 1456 3718 ’
1520 3741 1522 3746 ¹

483 3820 681 3917 adjuvabis:
708 3817 876 3894 Sandarici
895 3817 1021 3892 tancias
1043 3837 1134 3913 tres,
1159 3822 1298 3920 asphalti
1321 3820 1437 3894 uncias

480 3950 565 4020 tres,
582 3931 652 4007 allii
672 3932 710 4004 &
731 3953 888 4025 ceparum
903 3928 1018 4003 uncias
1030 3947 1106 4004 tres.
1128 3955 1293 4032 quaecum
1312 3929 1435 4027 paritet·

480 4041 641 4130 triveris,
662 4042 699 4114 in
721 4057 789 4112 tres
808 4056 917 4135 partes
935 4040 1110 4138 aequaliter
1130 4041 1286 4130 divides,
1311 4043 1349 4113 δι
1374 4064 1436 4136 pet·

480 4150 628 4225 triduum
650 4168 818 4247 cooperto
837 4150 891 4224 ori
911 4151 967 4225 vel
982 4149 1084 4247 capiti
1105 4150 1258 4246 subjeslis
1277 4148 1435 4225 carboni·

480 4259 546 4334 hus
567 4259 780 4357 suffumiges,
806 4279 844 4333 ut
864 4260 954 4333 odor
977 4259 1113 4357 impleat
1138 4286 1242 4335 nares.
1266 4259 1360 4356 cujus
1380 4280 1433 4334 ta·
1504 4271 1507 4276 '
1535 4259 1538 4264 ’

481 4396 561 4450 men
580 4367 701 4452 oculos
723 4372 814 4471 prius
836 4372 975 4475 ligabis,
990 4397 1033 4452 ne
1051 4371 1283 4450 medicamenti
1302 4370 1431 4451 acerbi*
