3875 5759
562 870 564 874 ’
600 885 736 963 nuru
761 890 974 965 νιιιιιιιι.
999 891 1100 963 stur
1124 893 1307 968 ιιυιοιι.
1366 909 1437 996 ης

480 1048 632 1120 admixto
647 1050 727 1119 oleo
742 1052 779 1132 dt
793 1050 909 1134 melle,
921 1069 1087 1123 curantur.
1104 1051 1266 1127 Potiones
1280 1056 1440 1130 catharti-¹

475 1169 561 1245 cas,
582 1157 638 1242 vel
658 1158 757 1231 nimis
777 1183 901 1232 amaras
920 1160 1017 1232 debet
1034 1160 1205 1255 accipere,
1228 1161 1263 1234 id
1285 1164 1351 1252 est,
1366 1165 1441 1239 dia·'

483 1286 585 1361 pente
611 1295 687 1341 cum
712 1269 818 1358 vino,
841 1269 925 1343 ficut
947 1269 1096 1366 superius
1120 1273 1244 1343 didum
1271 1273 1341 1344 est
1326 1300 1440 1372 ,quat

483 1376 526 1446 ad
547 1376 662 1469 omnia
683 1402 804 1473 genera
824 1381 1023 1477 morborum
1046 1380 1238 1451 animalium
1262 1381 1441 1479 efficaciter

482 1486 637 1580 prodesse
651 1487 840 1583 consuevit.
854 1471 1015 1565 Praeterea
1035 1474 1160 1563 radices
1175 1491 1265 1563 ebuli
1279 1492 1337 1565 lib.
1352 1515 1366 1563 1
1386 1492 1443 1566 in-

483 1595 597 1697 supdis
613 1623 671 1693 per
684 1599 831 1671 triduum
847 1600 994 1673 sextariis
1009 1603 1164 1675 tribus'
1129 1602 1204 1673 vmi
1218 1601 1351 1695 optimi.
1364 1601 1443 1676 Post
1511 1595 1517 1606 ⁹
1588 1591 1592 1598 ¹

484 1705 699 1782 semiunciam
718 1708 839 1804 optimi
853 1712 943 1783 aloes
955 1732 1142 1785 centaurea
1155 1710 1289 1782 unciam
1305 1733 1340 1800 1,
1353 1736 1443 1807 opo·

483 1816 619 1910 panacis
643 1817 778 1891 unciam
803 1840 837 1904 1,
862 1818 1107 1912 diligentissime
1128 1834 1236 1902 teres,
1256 1818 1358 1889 &de
1380 1817 1444 1892 illo
1508 1897 1511 1902 ,

485 1922 597 2012 vino,
618 1922 654 1994 in
674 1949 745 2019 quo
764 1923 856 1996 ebuli
875 1924 1003 1993 radices
1024 1920 1140 2021 insusae
1165 1920 1312 2008 fuerint,
1335 1923 1444 1996 sexta·

483 2030 571 2118 rium
598 2058 612 2103 1
635 2031 806 2116 mittes&
831 2028 979 2122 tepidum
1000 2054 1059 2123 per
1075 2052 1184 2101 cornu
1205 2028 1306 2103 dabis.
1328 2032 1446 2123 Quam
1470 2117 1473 2122 ,

483 2140 672 2211 mensuram
693 2140 808 2211 triduo
827 2137 994 2230 custodire
1019 2140 1261 2226 reconvenit,
1282 2160 1319 2213 ut
1344 2141 1447 2226 etiam

485 2273 547 2344 per
570 2267 723 2322 ventrem
745 2246 941 2341 hujusmodi
956 2249 1148 2322 catharticis
1170 2250 1371 2346 potionibus
1394 2252 1447 2330 di-

485 2379 620 2457 geratur
641 2359 766 2431 humor.
786 2359 931 2434 infestus.
954 2357 1068 2455 Quem
1090 2385 1247 2436 exercere
1266 2363 1302 2436 itt
1325 2365 1447 2458 cursu,¹

459 2501 462 2513 ·
485 2470 662 2573 quousque
674 2471 715 2540 ad
731 2469 866 2563 pienum
889 2470 1047 2542 sudorem
1073 2472 1190 2544 veniat
1202 2471 1448 2564 ,saepiuscom

483 2578 606 2664 ¹venit:
627 2581 838 2650 &curatum
865 2579 1105 2650 observatione
1132 2579 1341 2670 ριιεάἰᾶι,
1331 2606 1366 2649 ιιι
1388 2600 1448 2674 pai

485 2686 565 2760 seua
584 2687 727 2775 mittes,
732 2707 770 2757 ut
789 2687 858 2755 diu
874 2687 1048 2780 noctuque
1066 2673 1200 2778 aesiivo
1208 2706 1361 2780 tempore
1385 2686 1446 2759 sub

461 2874 466 2884 .
484 2789 569 2868 divo
585 2795 622 2866 dc
644 2793 752 2864 libero
772 2816 847 2863 aere
863 2793 1038 2887 pascatur,
1051 2810 1216 2887 quatenus
1232 2794 1270 2864 &
1284 2781 1448 2868 varietate
1471 2795 1474 2799 ’
1576 2783 1578 2786 ’

477 2905 667 2998 ¹herbarum
686 2902 891 2988 oblectatus,
904 2902 943 2973 δι
962 2897 1041 2971 solis
1065 2898 1179 2974 calore
1196 2902 1356 2986 secatus,
1372 2928 1449 2976 rur·

488 3011 610 3109 susque
632 3011 740 3083 nodis
761 3035 840 3082 aura
852 3010 900 3114 ρι
916 3033 994 3082 rore
1007 3009 1217 3108 conradus,
1240 3009 1376 3120 facilius
1395 2996 1450 3086 di·

450 3189 454 3196 .
489 3138 584 3219 gerat
601 3123 769 3193 morbum.
1520 3121 1523 3126 ’

540 3232 621 3305 XV
644 3228 831 3303 Subrenalis
845 3231 985 3304 morbus
999 3249 1037 3301 ut
1058 3203 1217 3323 periculis
1240 3217 1374 3326 plenus
1380 3229 1451 3322 esi,
1528 3253 1549 3296 .·

488 3344 537 3416 ita
561 3344 602 3415 ad
629 3342 880 3440 intelligendum
902 3343 1146 3438 apertissimus
1138 3344 1343 3415 invenietur.
1354 3286 1451 3416 Nani

488 3478 586 3527 renes
597 3451 736 3545 jumenti
750 3470 897 3545 occupat
913 3471 1012 3546 atque
1024 3449 1187 3523 dissolvit.
1202 3471 1341 3545 propter
1354 3451 1451 3543 quod

491 3559 616 3631 animal
626 3558 662 3628 in
678 3557 794 3654 primis
810 3555 959 3651 partibus
978 3556 1105 3643 alacre,
1119 3557 1306 3651 posieriora
1320 3558 1451 3632 trahere
1503 3588 1519 3601 ⁸

490 3665 683 3741 consuevit.
704 3666 791 3738 Huic
804 3667 867 3738 hac
887 3664 1019 3744 ratione
1037 3665 1261 3737 succurratur.
1283 3666 1339 3737 De
1354 3689 1452 3737 utro-

491 3798 559 3872 que
578 3774 700 3864 latere,
721 3774 836 3847 uelde
854 3772 984 3846 semote
1004 3773 1115 3846 incisis
1136 3775 1344 3869 competenti
1367 3775 1450 3847 loco

491 3883 592 3961 venis
604 3936 616 3971 ‚
630 3880 791 3979 copiosus
808 3882 936 3980 sanguis
959 3880 1156 3970 emittatur,
1178 3883 1237 3976 qui
1262 3882 1329 3955 acri
1351 3905 1450 3964 aceto

492 3995 680 4091 permixtus
697 4016 758 4088 per
770 4013 872 4062 omne
887 4014 1032 4085 corpus,
1049 3991 1281 4086 &praecipue
1292 4003 1387 4085 super
1399 4017 1477 4069 re·

493 4129 556 4181 nes
574 4104 724 4178 animalis
744 4099 926 4174 inducitur.
950 4102 1131 4173 Potionem
1151 4099 1351 4172 notissimam
1378 4100 1452 4170 dia-

494 4229 622 4311 penten
638 4214 679 4284 ad
696 4235 805 4286 cornu
818 4234 878 4307 per
893 4236 933 4283 os
953 4211 1052 4284 debet
1073 4209 1264 4305 frequenter
1290 4208 1453 4300 accipere.
1549 4220 1552 4224 ’

494 4321 561 4395 Sed
581 4321 620 4396 δι
639 4344 699 4419 per
712 4345 812 4395 anum
827 4318 1026 4428 calidissimis
1042 4309 1217 4563 ἷιιιιίεἰιιι
1228 4314 1406 4413 clysterii
1396 4340 1453 4420 ιιι·4

1239 4448 1261 4496 2
