3875 5759
539 907 607 1008 378
706 903 1337 1024 vscnarrurnru.

538 1063 706 1154 fecerint,
724 1087 800 1136 ures
813 1063 861 1136 eis
876 1063 1046 1138 cervicem
1056 1117 1070 1154 ,
1090 1065 1226 1156 deutera
1238 1063 1502 1162 sinislraquedei

537 1172 689 1246 cuffatim
704 1225 716 1260 ,
729 1171 1000 1246 saccellarionem
1013 1199 1056 1246 cx
1076 1169 1261 1246 furfirribus
1279 1172 1374 1269 supra
1388 1192 1502 1248 totum

536 1295 667 1378 tergum
683 1279 827 1353 calidum
849 1280 1001 1378 imponis
1023 1308 1082 1379 per
1100 1285 1261 1370 triduum.
1284 1285 1324 1358 bc
1345 1282 1408 1356 bac
1433 1299 1503 1355 und

537 1389 650 1463 &ione
673 1388 826 1485 quotidie
848 1389 950 1463 ureris
974 1391 1011 1462 in
1035 1390 1129 1482 sole,
1149 1392 1174 1464 fi
1196 1391 1359 1479 caluerit,
1380 1390 1438 1465 vel
1465 1390 1503 1463 in

536 1498 733 1573 calidissimo
753 1499 855 1574 locor
868 1501 967 1575 Cerae
984 1501 1122 1591 libram,
1137 1502 1278 1576 afroniti
1297 1502 1436 1592 libram,
1450 1526 1504 1575 re·

537 1609 618 1688 finae
640 1610 853 1685 terebintinae
873 1611 1048 1702 selibram,
1063 1613 1194 1712 galbani
1211 1613 1507 1703 libram,'caslorei
1595 1671 1598 1676 .

538 1720 712 1802 selibram,
728 1724 937 1818 opopanacis
958 1724 1099 1813 libram,
1114 1722 1241 1820 piperis
1262 1723 1417 1810 unciam,
1431 1747 1507 1795 me-

537 1826 641 1918 dullae
654 1829 801 1902 cervinae
817 1830 934 1903 uncias
950 1831 1052 1918 duas,
1066 1829 1136 1903 olei
1150 1829 1274 1903 veteris
1283 1829 1408 1916 ‚uncias
1422 1831 1508 1901 duas

540 1940 578 2014 ὃ(
597 1936 711 2022 semis,
729 1939 802 2011 vini
823 1929 949 2012 veteris
971 1937 1120 2036 optimi,
1140 1935 1301 2037 quantum
1316 1960 1405 2032 opus
1426 1936 1508 2007 fue-

540 2048 604 2137 rit,
618 2048 825 2123 admisces&
846 2051 961 2146 uteris.
975 2048 1121 2124 Praesens
1139 2067 1249 2122 tamen
1268 2047 1510 2142 experimento

540 2156 726 2231 remedium
745 2158 848 2247 ell,s1
870 2161 981 2254 picem
1001 2160 1162 2258 liquidam
1180 2186 1257 2233 cum
1271 2158 1351 2231 oleo
1365 2159 1404 2231 δι
1419 2156 1509 2228 vino

543 2268 651 2340 vereri
670 2267 852 2365 decoquis,
868 2270 1061 2366 calcarique
1073 2268 1298 2344 medicamine
1315 2268 1507 2366 jumentum

541 2376 712 2474 perungis.
735 2378 786 2447 Ex
807 2401 874 2473 qua
894 2378 1055 2452 unslione
1076 2381 1114 2452 dc
1138 2379 1304 2453 auriculas
1329 2404 1405 2450 cum
1426 2377 1507 2449 oleo

543 2484 710 2583 tepefasio
728 2503 867 2581 oportet
891 2484 1052 2577 infundi,
1074 2505 1111 2559 ut
1135 2485 1257 2560 sanitas
1275 2503 1407 2557 matura
1428 2509 1509 2581 pro·

542 2594 673 2670 veniat.
692 2595 758 2667 Sed
779 2614 816 2667 ut
836 2620 934 2668 venae
956 2619 1079 2668 corum
1104 2592 1258 2670 calefiant
1283 2593 1509 2691 intrinsecus,

543 2708 808 2801 &conceptum
829 2704 937 2804 frigus
957 2702 1309 2793 exsudet,neccslaria
1324 2703 1423 2798 potio
1438 2703 1484 2775 est
1495 2756 1509 2792 ,
1593 2791 1596 2797 Ι

542 2842 620 2914 quae
642 2816 829 2889 roborosos
848 2814 1039 2903 tetanicos,
1061 2815 1099 2887 δι
1125 2812 1400 2908 opisthotonicos
1422 2811 1507 2885 salu·

541 2925 648 2999 briter
664 2945 778 3013 curat,
793 2924 877 2997 clabi
894 2923 1028 2995 seminis
1043 2922 1160 2996 uncias
1176 2952 1216 3014 2,
1231 2923 1347 2997 cimini
1361 2922 1509 2996 Alexan·

542 3033 634 3105 drini
651 3033 766 3105 uncias
788 3033 892 3117 duas,
914 3029 1044 3125 agallici
1059 3083 1072 3119 ,
1088 3030 1250 3119 castorei,
1266 3028 1421 3102 abrotani
1447 3055 1509 3101 un·
1604 3071 1607 3078 ·

543 3141 611 3214 cias
632 3141 795 3240 singulas,
810 3140 986 3236 trixaginis
1007 3139 1122 3212 uncias
1136 3142 1237 3227 duas,
1258 3165 1388 3213 mannae
1412 3139 1510 3214 croci

544 3250 679 3324 unciam
706 3275 832 3336 unam,
857 3245 986 3320 succari
1020 3249 1182 3340 unciam,
1211 3249 1346 3350 hyssopi
1374 3249 1511 3321 unciam

545 3388 671 3451 unam,
690 3360 815 3458 piperis
839 3359 906 3432 albi
933 3357 1174 3448 semiunciam,
1191 3386 1268 3457 quac
1293 3355 1410 3430 omnia.
1431 3354 1511 3429 dili·

542 3490 660 3570 genter
683 3470 777 3544 tunsa
804 3493 905 3566 atque
935 3468 1078 3542 cribrata
1106 3466 1298 3565 redigantur
1321 3464 1356 3537 in
1382 3463 1511 3560 pulve-

544 3606 639 3668 rem,
659 3605 702 3652 ex
720 3605 790 3677 quo
809 3580 889 3651 bina
905 3578 1097 3653 cochlearia
1118 3578 1203 3651 lassis
1224 3581 1262 3652 dc
1277 3576 1463 3676 periculose
1478 3575 1512 3649 se

546 3688 745 3762 habentibus
765 3714 841 3761 cum
857 3687 957 3761 succo
969 3688 1106 3785 ptisanae
1126 3681 1253 3782 tepida?
1266 3683 1511 3783 propinantur:

547 3794 750 3872 fortioribus
775 3819 862 3867 vero
886 3821 964 3868 cum
991 3793 1064 3866 vini
1091 3794 1216 3865 veteris
1244 3794 1350 3869 calida
1378 3792 1513 3866 hemina

549 3902 780 3976 defunduntur
805 3902 840 3973 in
868 3928 932 3993 os,
958 3927 1130 4000 nunquam
1162 3920 1275 3976 tamen
1303 3904 1371 3975 sine
1405 3902 1512 3990 oleo,

550 4030 691 4109 propter
706 4010 893 4083 leniendam
916 4011 1068 4108 potionis
1082 4010 1330 4100 austeritatem,
1352 4015 1391 4087 δι
1410 4037 1513 4084 cana·

551 4124 618 4194 lem
643 4122 788 4196 faucium
814 4121 1049 4220 mitigandum·
1074 4119 1143 4193 Alii
1168 4121 1317 4194 audores
1346 4120 1513 4215 ejusmodi

481 4275 483 4279 v
552 4232 735 4327 passionem
754 4232 818 4305 bac
830 4232 946 4306 dicunt
962 4230 1093 4304 ratione
1105 4231 1296 4304 curandam.
1310 4234 1367 4305 De
1380 4251 1516 4328 tempo·

555 4342 648 4419 ribus
666 4342 858 4445 sanguinem
881 4342 1056 4435 detrahes,
1078 4341 1291 4445 excipiesque
1311 4342 1517 4444 diligenter,
