3875 5759
582 923 730 1070 x'lutis
759 940 975 1043 veretum
1000 939 1099 1014 srva
1123 944 1308 1053 uuuou.
1344 897 1439 1048 λς,

481 1102 571 1178 enim
590 1102 745 1175 laudatur
768 1096 988 1173 mulomedici
1002 1098 1196 1197 ingenium,
1214 1102 1297 1177 fiita
1318 1105 1441 1180 animal

482 1211 635 1287 cauterio
655 1210 841 1299 curaverit,
855 1231 898 1281 ne
910 1208 1091 1284 deformet.
1110 1212 1176 1282 Pro
1196 1211 1281 1286 locis
1301 1234 1412 1290 autem
1423 1272 1441 1309 ,

482 1319 661 1418 inquibus
677 1317 859 1414 estpaffiO,
874 1318 912 1388 &
927 1340 992 1411 pro
1010 1315 1105 1413 pellis
1119 1318 1338 1395 aeslimatione
1360 1335 1443 1401 caue

482 1428 565 1502 teria
590 1424 822 1501 vehementius
835 1425 1076 1522 imprimuntur
1090 1444 1147 1498 aut
1168 1426 1288 1504 levius.
1307 1435 1444 1507 Menos

483 1541 533 1614 ria
556 1560 668 1615 autem
689 1537 901 1614 retinendum
916 1536 987 1627 est,
1002 1538 1227 1635 quassatures,
1247 1561 1359 1633 emota
1384 1544 1454 1617 vel·
1491 1626 1494 1632 ι

484 1668 642 1741 extorta,
659 1636 836 1749 autijesla
857 1647 900 1719 de
915 1646 1001 1720 locis
1026 1648 1117 1736 suis,
1140 1649 1192 1720 uri
1213 1652 1345 1744 penitus
1369 1678 1445 1727 non

484 1760 616 1833 debere.
628 1787 703 1833 nam
718 1777 879 1855 perpetua
895 1757 1049 1829 debilitas
1064 1758 1360 1856 consequitur.‚sed
1374 1789 1444 1836 me·
1468 1791 1472 1796 ·

484 1868 549 1949 lius
570 1868 637 1957 est,
652 1889 728 1941 cum
742 1867 829 1939 locis
848 1864 921 1957 suis,
934 1864 1080 1958 reposita
1093 1864 1233 1956 fuerint,
1250 1868 1447 1967 &ligaturis

485 1973 676 2071 diligentius
697 1970 932 2058 communita,
946 1965 1044 2066 alque
1063 1970 1109 2041 ita
1123 1989 1248 2044 naturae
1260 1974 1446 2048 industriae·

485 2108 552 2179 que
580 2080 749 2155 beneficio
778 2079 1023 2168 corroborata,
1044 2080 1209 2154 cotasticis
1230 2085 1447 2164 unslionibus

487 2193 528 2264 &
544 2187 735 2287 malagmis‚
748 2189 951 2285 postremum
967 2187 1120 2261 causticis
1136 2191 1250 2263 eadem
1267 2217 1446 2288 percurare

489 2299 533 2373 ad
551 2288 821 2395 spem'perpetuae
836 2296 992 2371 sanitatis.
1010 2298 1117 2391 Quod
1131 2298 1316 2395 specialiter
1329 2306 1447 2378 admo·

488 2409 637 2481 nendum
659 2408 707 2482 est
718 2462 729 2498 ‚
741 2434 786 2481 ne
808 2407 1028 2484 mulomedici
1046 2404 1257 2499 festinantes,
1272 2413 1350 2483 dum
1365 2413 1448 2488 foco

489 2544 604 2593 curare
619 2517 782 2615 cupiunt,
800 2516 1148 2591 animaliadebilitent
1167 2538 1223 2590 aut
1236 2520 1448 2618 deforment,

489 2652 568 2701 cum
587 2625 809 2712 flebotomis,
832 2623 1058 2722 potionibus,
1082 2626 1283 2722 unguentis,
1305 2628 1450 2726 syringis

491 2737 833 2833 medicaminibusque
851 2735 991 2810 diversis
1000 2751 1078 2809 ante
1090 2735 1129 2809 sit
1144 2739 1333 2832 temptanda
1350 2764 1451 2811 cura·

491 2848 566 2936 tio,
582 2851 621 2922 &
634 2847 659 2917 si
673 2845 758 2918 nihil
778 2842 1003 2941 profecerint,
1017 2846 1060 2919 ad
1075 2839 1264 2918 extremum
1284 2845 1381 2943 ignis
1392 2850 1452 2930 ads

493 2957 640 3030 hibetur.
1002 2949 1009 2972 ³
1054 2996 1068 3028 x
1121 2971 1123 2976 ’

544 3065 675 3141 xxtX.
689 3066 913 3162 Quaecunque
927 3054 1092 3160 paiffiones
1108 3065 1182 3159 plus
1194 3064 1352 3159 jumentis
1367 3071 1456 3165 peri-1

495 3176 565 3253 culi
583 3175 708 3257 inferre
728 3176 982 3250 consueverunt
995 3229 1007 3265 ,
1021 3178 1058 3248 δι
1071 3176 1319 3251 difficilioribus
1332 3180 1458 3253 obscus

497 3278 708 3385 rioribusque
730 3288 884 3384 indigent
898 3286 1006 3372 curis,
1021 3286 1079 3358 has
1094 3288 1206 3381 primo
1228 3290 1458 3382 ampleslimur
1541 3286 1545 3296 '

495 3400 613 3491 libr0,
632 3419 669 3472 ut
693 3403 729 3473 δι
748 3398 880 3471 facilius
898 3398 1134 3492 reperiantur',
1160 3424 1235 3495 quae
1253 3398 1288 3468 in
1308 3400 1458 3473 exordiis

495 3511 600 3605 ipsius
621 3529 823 3613 occurrent?
838 3511 877 3581 &
897 3507 1082 3605 legentibus
1104 3507 1269 3580 fastidium
1285 3535 1355 3580 non
1376 3509 1444 3606 pos
1456 3529 1459 3535 ’
1550 3599 1553 3604 Γ
1575 3540 1577 3544 -

497 3618 565 3691 sint
585 3616 712 3690 afferre.
735 3616 815 3713 [De
839 3616 926 3688 cutis
947 3632 1023 3713 qua
1042 3614 1273 3714 primasium]
1298 3618 1459 3689 Febrien-
1575 3665 1581 3678 .

497 3729 590 3802 ribus
603 3727 717 3823 iraque
739 3727 939 3800 animalibus
953 3726 1099 3822 primurn
1119 3728 1287 3800 convenit
1302 3728 1459 3801 subveni-

458 3931 460 3935 ·
499 3864 549 3912 re.
564 3865 643 3911 nam
656 3863 729 3909 non
746 3838 909 3935 amplius,
922 3864 1022 3935 quarn
1036 3837 1170 3927 triduo,
1189 3838 1312 3911 caloris
1326 3839 1395 3911 vim
1410 3838 1461 3908 su·

488 3947 623 4020 ..slinere
646 3945 741 4045 posse
759 3948 950 4021 creduntur.
972 3947 1061 4058 intra
1083 3947 1223 4043 quodsi
1249 3962 1364 4020 curata
1385 3970 1460 4019 non

501 4052 649 4144 suerint,
669 4053 875 4128 moriuntur.
895 4058 1046 4152 Oportet
1064 4053 1167 4151 igitur
1188 4054 1280 4151 ptius
1302 4054 1461 4148 passionis
1536 4074 1540 4077 ·

502 4158 603 4254 hujus
614 4161 703 4258 signa
722 4161 901 4259 causasque
913 4162 1115 4260 praedicere,
1130 4164 1170 4236 &
1185 4187 1268 4235 mox
1281 4161 1461 4266 medicinas

504 4291 689 4365 exponere.
700 4270 857 4345 Febtiens
870 4270 1059 4366 jumentum
1078 4267 1241 4362 dejeslum
1253 4284 1354 4360 caput
1367 4291 1385 4338 e
1398 4285 1464 4347 terq

503 4401 541 4452 ra
561 4376 707 4458 allevare
726 4380 789 4459 vix
811 4381 961 4482 poterit,
978 4378 1042 4455 erit
1061 4378 1173 4458 oculis
1187 4374 1342 4541 lapertis,
1365 4375 1461 4454 labiis

1245 4494 1266 4545 2
