3875 5759
595 865 726 937 nans
752 827 973 954 varam.
991 862 1090 936 srva
1117 803 1305 937 nunu.
1366 889 1433 965 413
1541 852 1542 855 ‘

483 1027 588 1101 tarios
602 1027 721 1119 lentis,
734 1025 818 1101 foeni
832 1025 969 1130 Graeci,
986 1024 1096 1099 &lini
1111 1024 1245 1102 seminis
1259 1027 1378 1126 frigere
1390 1032 1439 1102 se·
1491 1088 1494 1091 .

481 1139 644 1236 paratim,
661 1142 699 1213 de
719 1139 893 1234 pulverem
910 1136 1038 1228 facere,
1053 1137 1143 1210 &de
1159 1136 1292 1234 lingulis
1315 1139 1439 1236 specie·

480 1251 544 1322 bus
574 1248 700 1344 singula
730 1246 919 1321 cochlearia
945 1272 1024 1330 cum
1051 1246 1153 1320 sueno
1177 1248 1376 1342 anagallici,
1401 1250 1440 1323 δι

481 1361 583 1435 succo
604 1359 804 1458 plantaginis
815 1375 999 1457 ,quantum
1015 1356 1167 1433 volueris
1177 1410 1189 1447 ,
1201 1357 1316 1430 addito
1330 1359 1416 1431 vino
1426 1387 1452 1450 ,’

480 1495 542 1568 per
566 1495 606 1541 os
625 1469 714 1540 dare.
858 1524 860 1528 .

530 1580 650 1651 ⁰LXX.
676 1582 723 1652 Ut
749 1576 892 1649 diversae
914 1574 1020 1650 causae
1041 1575 1140 1665 sunt,
1159 1574 1203 1647 ita
1224 1578 1262 1651 ὅτ
1288 1575 1440 1651 difficiles
1465 1602 1472 1621 ⁷

482 1713 582 1762 curae.
601 1690 821 1783 Quapropter
835 1685 1004 1775 ¹lludiole,
1019 1710 1094 1784 quae
1108 1683 1346 1781 experimentis
1371 1711 1439 1762 no·

481 1796 555 1871 stris
577 1797 632 1870 vel
646 1796 788 1896 aliorum
809 1795 950 1891 probata
971 1792 1221 1891 cognovimus,
1238 1792 1439 1869 intimamus.

482 1906 536 1975 nd
559 1929 663 2003 unum
690 1903 802 2001 itaque
831 1903 953 1976 animal
981 1904 1055 1975 talis
1083 1901 1182 2000 potio
1211 1923 1439 1998 praeparatur:
1527 1906 1530 1913 ’

481 2014 576 2085 Fabae
590 2012 686 2085 frixae
700 2012 880 2086 sextarium
896 2012 963 2085 fine
984 2011 1048 2085 sale
1061 2038 1137 2085 cum
1153 2037 1237 2108 aqua
1252 2014 1440 2107 decoques,

482 2121 768 2216 quemadmodum
783 2119 979 2194 hominibus
1001 2120 1179 2193 consuevit
1200 2120 1338 2217 apponi.
1350 2117 1440 2192 Prae-
1511 2124 1515 2134 '

482 2250 573 2303 terea
600 2230 687 2304 foeni
717 2229 830 2304 Graeci
854 2230 1040 2330 ,sextarium
1068 2231 1242 2327 separatim
1267 2232 1372 2305 mittis
1403 2232 1440 2303 in

483 2341 716 2429 cacabum,&
737 2367 815 2413 cum
829 2341 1141 2436 fervere‘coepetit,
1158 2340 1297 2436 primam
1318 2366 1440 2439 aquam
1468 2405 1470 2409 ,

483 2446 626 2534 fundes,
643 2449 717 2544 poll
738 2449 830 2523 addis
851 2475 948 2547 aquae
974 2450 1135 2529 sextarios
1163 2450 1335 2546 quinque,
1352 2450 1440 2523 cari·

482 2581 537 2630 cas
553 2557 695 2657 viginti,
709 2559 878 2656 liquititiae
891 2560 1010 2633 uncias
1028 2560 1128 2644 duas,
1145 2579 1273 2633 tantum
1288 2559 1440 2647 ferveat,

482 2666 594 2741 donec
626 2688 775 2764 quatuor
794 2668 937 2740 'sextarii'
971 2686 1185 2757 remaneant,
1211 2688 1294 2742 tunc
1330 2657 1441 2741 fabam

482 2771 576 2844 illam
599 2777 728 2846 collam
751 2777 790 2846 δι.
813 2773 1046 2871 foenigraeeum
1070 2799 1148 2846 cunt
1178 2775 1295 2848 caricis
1321 2777 1375 2849 vel
1401 2775 1441 2846 li·

483 2881 619 2976 quiritia
643 2882 679 2952 in
699 2882 865 2955 mortario
885 2881 1061 2978 diligenter
1075 2882 1216 2971 deteris,
1236 2882 1327 2955 addis
1349 2884 1441 2955 insu·

441 3077 443 3079 Ι
484 3013 545 3086 per
568 2988 708 3087 butyri,
731 2988 799 3084 sepi
820 2986 941 3061 hircini
967 3013 1029 3061 ana
1048 2990 1163 3063 uncias
1187 2990 1267 3062 duas
1290 2992 1330 3061 ad
1350 2991 1441 3064 calo·

483 3123 555 3197 rem
580 3098 755 3196 diligenter
774 3098 941 3171 resolutas
963 3124 1039 3195 quae
1058 3098 1137 3171 ¹cum
1160 3097 1275 3171 omnia
1298 3097 1443 3173 miscue-

483 3206 553 3299 ris,
575 3209 690 3282 addito
709 3209 850 3305 jure,in
869 3234 940 3308 qap
954 3209 1086 3283 foenum
1110 3205 1269 3283 Graecum
1292 3211 1442 3284 decoxe-

483 3319 552 3410 ris,
572 3321 750 3416 tepefalla,
766 3346 824 3419 per
838 3346 945 3394 cornu
967 3322 1042 3416 plus
1058 3346 1158 3419 quam
1180 3320 1322 3415 singulas
1337 3319 1442 3390 hemi·

484 3425 549 3500 nas
562 3430 680 3504 diebus
701 3430 835 3529 stngulis
858 3429 1010 3501 faucibus
1032 3415 1162 3532 digeris.
1182 3427 1290 3521 Quod
1311 3425 1335 3497 st
1359 3425 1442 3521 spis·
1500 3506 1514 3521 ¹,
1558 3451 1561 3468 ²

484 3531 607 3607 liorem
630 3538 755 3610 videris
777 3534 980 3631 potionem,
1002 3554 1131 3609 tantum
1158 3536 1237 3632 paffi
1262 3534 1378 3624 addis,
1406 3556 1442 3607 ur

485 3640 588 3738 poffit
611 3668 671 3739 per
691 3668 800 3716 cornu
822 3642 925 3717 exire.
944 3643 1165 3715 Barbarorum
1187 3643 1266 3717 usus
1284 3643 1443 3717 adversus

487 3755 598 3829 tuffim
616 3753 749 3826 invenit
771 3754 909 3826 salutare
923 3753 1118 3825 remedium.
1135 3754 1294 3825 Radicem
1311 3754 1441 3840 herbae,

487 3865 544 3941 cui
570 3888 697 3936 nomen
721 3862 768 3934 est
791 3862 909 3951 inula,
930 3886 1030 3958 quam
1056 3862 1261 3956 Campanam
1289 3858 1441 3955 plerique

491 3975 681 4069 appellant,
694 3971 856 4069 colliges,
874 3971 908 4043 in
931 3970 1049 4043 umbra
1069 3971 1227 4059 ficcabis,
1242 3969 1361 4065 postea
1383 3969 1442 4039 de·

489 4099 594 4166 teres,
616 4084 651 4154 in
673 4082 848 4178 pulverem
865 4081 1018 4178 rediges,
1040 4104 1083 4150 ex
1108 4106 1178 4176 quo
1199 4098 1293 4151 terna
1313 4076 1442 4170 majora

489 4189 681 4263 cochlearia
702 4189 738 4262 in
756 4187 901 4285 singulos
912 4188 1079 4261 sextarios
1102 4187 1175 4259 vini
1197 4184 1317 4271 veteris
1336 4185 1444 4278 pridie

490 4296 660 4392 infundis,
678 4301 714 4373 &
728 4324 805 4374 cum
820 4297 904 4373 bene
917 4296 1117 4397 agitaretis,
1131 4296 1282 4385 claudes,
1297 4319 1339 4368 ne
1353 4296 1442 4367 odor
1477 4380 1479 4383 Α
1546 4397 1548 4402 Ι
