3875 5759
558 887 629 969 '422
727 873 1059 948 VEGETll
1107 873 1235 949 ΗΒ.
1285 877 1353 949 lll.

561 1040 740 1115 sextarium
765 1066 824 1137 per
848 1040 961 1115 lauces
987 1041 1131 1141 degeres.
1155 1042 1262 1135 Quod
1291 1041 1315 1112 sr
1342 1062 1527 1137 praegnans
1600 1006 1604 1028 Ι

560 1181 636 1231 mus
656 1181 794 1229 araneus
815 1154 938 1243 fuerit,
956 1158 1013 1253 qui
1030 1156 1241 1252 percrrfferit‚
1256 1156 1308 1229 his
1322 1155 1530 1253 agnoscitur

561 1269 663 1368 fignit
677 1297 687 1342 ε
700 1268 844 1341 Punulae
862 1294 921 1363 per
934 1289 1047 1344 toturn
1062 1296 1187 1368 eorpus
1199 1290 1343 1357 exeunt3
1359 1271 1415 1344 sed
1429 1270 1529 1358 fimi·
1591 1327 1596 1338 .

563 1384 610 1474 li,
627 1383 777 1469 utsupra
794 1381 953 1480 scriptum
976 1384 1045 1475 est,
1063 1385 1195 1459 ratione
1211 1385 1392 1459 curabitur.

497 1567 502 1574 ,
611 1504 801 1578 LXXXlll.
819 1504 980 1599 Scorpius
1001 1504 1025 1575 li
1039 1502 1228 1599 jumentum
1243 1499 1461 1597 percalluit,
1474 1501 1532 1578 bis

564 1620 756 1715 agnoscitur
774 1620 895 1722 lignis:
910 1624 1031 1695 Genua
1051 1621 1300 1695 contrahuntur
1311 1672 1324 1707 ,
1336 1619 1532 1711 claudicat,

565 1761 638 1810 non
659 1737 859 1824 manducat,
882 1736 924 1807 de
945 1736 1079 1834 naribus
1098 1735 1204 1810 fluent
1218 1734 1347 1831 pituitae
1374 1735 1534 1836 virides„

564 1875 604 1925 ut
613 1854 781 1943 accumbit
793 1853 855 1932 vix
868 1853 1026 1953 resurget.
1038 1854 1145 1930 Simili
1158 1853 1289 1929 ratione
1302 1869 1456 1942 curatur,
1469 1852 1536 1936 sre-

565 1991 606 2050 ut
625 1972 784 2069 serpentis
805 1997 845 2052 ac
865 1971 993 2071 viperae
1009 1970 1162 2046 morsus:
1184 1970 1308 2045 stercus
1325 1987 1445 2051 tamen
1468 1971 1535 2047 ali·-

567 2092 687 2172 ninurn
704 2090 858 2169 velocius
872 2091 909 2162 in
924 2090 1053 2189 plagam
1067 2109 1205 2187 oportet
1215 2088 1361 2186 imponi.

618 2207 811 2281 LXXXIV.
827 2207 928 2280 Canis
948 2205 1069 2282 rabiosi
1094 2205 1225 2282 morsus
1250 2197 1288 2282 δι
1309 2199 1474 2301 jubentis
1498 2207 1539 2289 ΒΕ

569 2319 766 2398 horninibus
794 2320 935 2400 exitium
963 2320 1089 2394 inferre
1116 2322 1316 2410 consueuit,
1336 2322 1447 2421 usque
1470 2348 1542 2415 eo,

571 2455 610 2509 ut
622 2434 733 2533 ipsos,
748 2436 808 2533 qui
821 2437 965 2514 conta&
986 2436 1134 2525 fuerint,
1157 2440 1412 2537 lry-dropllobos
1434 2442 1542 2520 faciat

572 2559 612 2632 &
642 2571 823 2630 convertat
849 2553 884 2630 in
907 2554 1131 2654 rabiem.·qui
1161 2556 1223 2636 bac
1247 2556 1381 2636 ratione
1410 2584 1542 2634 curan.

572 2692 628 2747 tur
638 2699 648 2746 ε
659 2674 772 2747 Locus
783 2726 795 2762 ,
807 2672 866 2770 qui
877 2672 1010 2746 morsus
1027 2672 1095 2763 est,
1110 2671 1250 2762 ferreis,
1266 2675 1343 2764 vel,
1357 2676 1545 2771 quoduti-

573 2792 639 2866 lius
652 2791 722 2882 est,
741 2792 891 2890 cuprinis
905 2793 1058 2870 cauteriis
1072 2791 1165 2866 utito
1177 2846 1189 2883 ‚
1203 2793 1239 2865 in
1253 2793 1334 2866 loco
1352 2794 1545 2869 tenebroso

574 2936 653 2986 eunt
677 2913 886 2987 constituito.
911 2913 965 2988 Sic
980 2912 1079 2986 etiam
1103 2939 1180 2986 eurn
1201 2912 1352 3010 alligabis
1375 2913 1414 2985 in
1442 2934 1545 2988 tene·

574 3033 668 3117 bris,
683 3056 726 3104 ne
738 3058 858 3128 aquanr
880 3032 1004 3107 videat.
1023 3034 1129 3125 Quod
1144 3033 1167 3104 fi
1182 3056 1298 3132 canem
1315 3029 1427 3126 ipsum
1443 3034 1546 3112 occi-1

574 3150 656 3220 dere
674 3149 928 3248 poteris„jecur
945 3148 1016 3241 ejus
1038 3152 1214 3223 decouum
1232 3150 1322 3222 dabis
1336 3151 1380 3222 ad
1393 3153 1547 3224 mandu-

576 3267 740 3355 candum,
757 3266 813 3339 vel
831 3266 989 3339 detritum
1003 3265 1315 3372 faucibus'degeres.
1335 3270 1435 3347 Foeni
1449 3295 1550 3372 quo*

576 3409 643 3483 que
658 3384 760 3468 flores
780 3386 981 3475 combures,
1000 3389 1037 3465 &
1052 3412 1129 3462 curn
1150 3387 1295 3483 axungia
1316 3388 1429 3463 veteri
1450 3392 1547 3464 dete·

570 3527 657 3594 res,
671 3505 709 3579 δι
729 3506 771 3584 ad
787 3502 935 3584 morsum
951 3530 1114 3603 appones.
1129 3505 1268 3579 salutare
1282 3505 1472 3587 remedium
1486 3508 1547 3587 est.

578 3618 643 3690 Sed
670 3617 854 3713 specialiter
874 3620 1035 3722 prodest,
1058 3621 1083 3692 si
1107 3620 1251 3697 radicem
1276 3621 1547 3717 cynorhodon‚

578 3737 615 3812 id
633 3738 704 3828 est,
719 3740 856 3831 herbae,
879 3768 954 3840 quae
976 3742 1162 3846 appellatur
1182 3743 1257 3814 rosa
1276 3743 1426 3833 canina,
1453 3744 1546 3818 effo-

578 3857 691 3943 deris,
712 3860 750 3934 δι
770 3857 874 3936 lotam
897 3860 989 3956 prius
1012 3877 1112 3957 atque
1137 3858 1311 3931 contusam
1335 3860 1547 3957 diligenter,

579 3970 650 4047 five
661 3972 899 4065 hornini‚.srve
916 3976 1070 4064 animali,
1084 3976 1178 4071 quod
1195 3975 1345 4049 rabiosus
1360 3979 1454 4053 canis
1467 4005 1545 4054 mo·

579 4090 766 4180 morderit,
781 4090 815 4162 in
838 4089 935 4188 plaga
956 4090 1172 4188 apposueris,
1185 4093 1436 4189 contritamque
1462 4124 1545 4171 cuna

581 4207 669 4279 vino
692 4208 799 4281 veteri
828 4210 1065 4305 propinaveris
1095 4213 1251 4306 quotidie
1275 4213 1316 4284 ad
1344 4215 1547 4293 bibendum.

582 4324 656 4406 Hac
674 4328 765 4407 eninr
788 4326 859 4407 sola
883 4328 1016 4405 ratione
1035 4353 1097 4408 nec
1116 4330 1369 4433 hydrophobos
1395 4333 1481 4429 liet,
1507 4340 1547 4413 δι
