3875 5759
546 906 638 985 ,μη
738 884 1363 959 usurariorum.
1429 990 1437 1008 ⁸

567 1051 594 1126 fi
617 1072 688 1121 non
708 1046 841 1134 raseris,
857 1046 967 1117 donec
981 1043 1110 1142 sanguis
1130 1069 1189 1141 per
1206 1071 1246 1119 os
1266 1047 1365 1144 ipsius
1389 1046 1534 1144 respon·

568 1161 657 1234 deat.
671 1163 707 1231 ln
721 1179 791 1253 quo
815 1152 924 1247 major
943 1152 989 1225 esl
1010 1151 1196 1225 adhibenda
1212 1157 1361 1244 cautela,
1375 1157 1451 1254 quia
1477 1158 1533 1231 so·

566 1270 617 1342 let
636 1268 672 1339 in
691 1264 774 1338 locis
787 1262 927 1335 ossuosrs
942 1265 980 1336 δι
994 1262 1295 1337 commissuralibus
1316 1264 1421 1339 fistula
1444 1265 1533 1341 sieri.

506 1410 509 1419 ¹
566 1404 644 1478 quae
658 1400 736 1449 cum
755 1371 926 1459 evenerit,
941 1396 1123 1467 parumper
1136 1371 1257 1466 injuria
1269 1377 1373 1449 afficit
1385 1377 1532 1458 vulnus.

564 1508 628 1584 per
643 1478 740 1577 quod
758 1501 829 1550 non
845 1477 974 1565 sanies,
999 1480 1055 1551 sed
1068 1480 1192 1552 humor
1207 1481 1356 1579 liquidus
1371 1504 1504 1557 emanat
1519 1540 1531 1568 ,

566 1588 802 1687 necunquam
829 1589 966 1663 dedudla
992 1588 1149 1663 cicatrice
1177 1591 1346 1667 solidatur.
1372 1597 1480 1687 Quod
1504 1595 1531 1667 fi

564 1700 814 1802 evenerinthac
829 1699 959 1772 ratione
978 1699 1120 1773 curabis.
1142 1700 1313 1797 Papyrum
1335 1728 1395 1798 per
1421 1703 1530 1798 ipsam

504 1886 508 1897 ,
563 1811 706 1885 fistulam
725 1807 893 1904 trajicies,
906 1810 957 1881 ita
974 1828 1012 1880 ut
1030 1807 1141 1904 capita
1164 1810 1311 1909 papyri,
1332 1837 1408 1906 quae
1431 1835 1531 1886 extra

564 1921 707 1995 fistulam
727 1921 901 2009 eminent,
918 1944 961 1991 ex
978 1936 1118 2014 utraque
1133 1937 1226 2015 parte
1243 1918 1355 2016 alligas
1373 1918 1465 2006 lino,
1482 1948 1531 1993 ne

563 2032 678 2122 cadat,
691 2035 729 2107 δι
746 2031 864 2103 diebus
876 2050 914 2120 ν,
928 2029 985 2102 vel
997 2028 1166 2126 pluribus,
1180 2028 1289 2102 donec
1304 2027 1469 2102 callositas
1486 2029 1530 2100 fi-

563 2142 658 2215 stulae
680 2141 804 2239 papyri
827 2139 1030 2211 distentione
1051 2139 1241 2236 turgescat,
1261 2141 1299 2212 δι
1320 2136 1425 2229 majus
1447 2140 1531 2211 vul·

564 2253 655 2326 neris
677 2253 828 2324 foramen
847 2248 915 2322 siat.
932 2250 1034 2322 Tunc
1053 2251 1094 2321 ad
1109 2250 1294 2322 mensuram
1319 2248 1470 2321 vulneris
1484 2275 1531 2322 ex

561 2358 702 2435 fistulati
727 2362 975 2433 medicamento
998 2357 1185 2454 collyrium
1210 2356 1365 2445 faciens,
1388 2377 1529 2430 exemto

562 2493 701 2567 papyro
723 2468 810 2540 intra
831 2466 973 2538 fistulam
996 2463 1147 2560 injicies,
1164 2485 1202 2537 ut
1223 2466 1401 2560 impleatur
1421 2492 1464 2538 ex
1478 2467 1529 2539 in-

562 2597 688 2677 tegro,
716 2576 814 2671 plane
832 2600 881 2647 -ue
899 2574 1058 2663 excidat,
1077 2572 1209 2655 munies
1233 2572 1423 2669 diligenter.
1452 2576 1529 2648 Post

563 2685 635 2760 dies
653 2704 797 2782 quatuor
818 2686 874 2756 vel
888 2683 1040 2782 quinque
1056 2683 1172 2758 solvis.
1186 2682 1210 2755 fi
1223 2681 1331 2755 fistula
1349 2684 1529 2775 ceciderit,

563 2795 767 2869 traumatico
779 2796 910 2869 curabis
920 2796 1042 2892 ,quod
1058 2793 1191 2867 vulneri
1206 2790 1334 2887 semper
1348 2792 1530 2877 immines,

566 2906 678 2978 donec
701 2904 793 2999 spisla
814 2905 971 2977 sanies&
994 2926 1067 2973 non
1090 2902 1195 2974 multa
1216 2901 1251 2974 in
1265 2924 1307 2974 eo
1330 2899 1413 2971 loco
1433 2924 1529 2996 repe·

565 3015 680 3086 riatur.
693 3016 781 3083 Cum
792 3033 903 3082 autem
914 3011 978 3105 iam
996 3011 1174 3105 limpidum
1186 3012 1311 3084 videris
1326 3012 1529 3110 collyrium,

563 3122 618 3195 sac
642 3122 805 3215 pollinem
822 3122 936 3206 herbi,
952 3124 990 3193 &
1012 3140 1065 3192 tus
1086 3122 1269 3195 masculum
1285 3118 1401 3195 tritum
1421 3123 1529 3221 aequis

567 3228 774 3327 ponderibus
787 3254 864 3302 cum
880 3229 978 3299 melle
997 3229 1200 3325 decoquito,
1217 3233 1255 3304 δι
1269 3234 1376 3329 plagae
1388 3231 1450 3329 ipsr
1465 3233 1528 3305 im·

563 3337 711 3435 ponito,
725 3333 785 3431 per
804 3335 873 3428 dies
895 3335 1060 3433 plurimos
1080 3337 1374 3434 quotidiecurato
1398 3342 1465 3425 ita,
1485 3357 1528 3413 ut

564 3448 730 3545 deprimas
745 3446 831 3545 ipsas
852 3466 960 3544 partes
975 3447 1144 3538 uulneris,
1163 3450 1318 3545 quatinus
1333 3450 1455 3544 jundae
1476 3452 1526 3524 ci·

563 3559 631 3632 tius
653 3558 888 3633 cohaerescant.
912 3557 946 3630 si
969 3558 1117 3656 graviter
1133 3559 1311 3631 offenderit
1337 3580 1461 3655 caput,
1487 3580 1526 3634 ut

551 3672 738 3746 ¹cerebrum
756 3663 858 3745 vexet
881 3670 1101 3759 intrinsecus,
1115 3671 1284 3745 continuo
1299 3674 1340 3744 de
1363 3673 1526 3768 tempori·

565 3785 627 3856 bus
645 3767 836 3880 sanguinem
855 3784 962 3855 eidem
988 3803 1125 3879 oportet
1148 3780 1285 3869 auferri,
1300 3785 1337 3855 &
1352 3780 1525 3877 spongiam

564 3920 675 3990 aqua,
701 3895 723 3964 si
745 3893 836 3964 aestas
856 3892 981 3984 strerit,
1002 3895 1082 3964 oleo
1101 3893 1224 3979 roseo,
1246 3895 1283 3964 δι
1310 3915 1408 3962 aceto
1430 3915 1525 3986 aequa

563 4022 658 4099 parte
678 4002 868 4075 commixto
888 4002 990 4098 capiti
1009 4000 1079 4093 ejus
1094 4001 1247 4095 imponi,
1261 3999 1427 4095 fasciaque
1441 4024 1524 4072 con-

565 4110 652 4182 necti
665 4163 676 4199 ,
690 4112 726 4184 δι
740 4108 835 4182 cibos
846 4108 969 4181 virides
989 4107 1140 4202 praeberi.
1154 4108 1178 4179 sr
1190 4099 1253 4180 nec
1267 4107 1357 4202 ipsos
1369 4105 1528 4203 appetit,

564 4220 642 4313 quia
662 4243 798 4291 omnem
819 4216 933 4290 cibum
950 4215 1098 4304 recusat,
1116 4214 1222 4287 fabam
1248 4215 1355 4287 moles
1376 4218 1415 4289 δι
1438 4242 1524 4291 con·

566 4347 679 4403 vertes
694 4329 730 4403 iu
751 4327 940 4427 pollinem,
963 4326 1102 4402 farinam
1120 4352 1256 4427 quoque
1276 4328 1441 4403 triticeam
1465 4355 1521 4427 pa·
