3875 5759
555 886 601 952 42
676 817 1425 960 unninouuurpuu

449 1019 451 1023 ’
553 1039 666 1095 tamen
684 1019 868 1093 secundum
890 1018 959 1091 loci
976 1020 1014 1093 δι
1029 1020 1109 1092 coeli
1124 1039 1274 1092 naturam
1290 1019 1517 1116 unusquisque

552 1130 729 1207 custodiat.
763 1128 893 1227 frigidis
914 1128 999 1203 locis
1023 1130 1241 1203 anetumnalis
1265 1129 1348 1202 satio
1373 1130 1521 1204 celerior

550 1238 630 1328 fiat,
643 1264 750 1313 verna
771 1263 857 1314 veto
879 1239 1031 1313 tardior:
1056 1240 1174 1313 calidis
1194 1258 1306 1312 autem
1322 1239 1520 1337 regionibus

552 1339 828 1450 dc‘audlumnalis
850 1347 954 1436 serior
974 1346 1048 1422 fieri
1071 1347 1202 1445 potest,
1218 1349 1258 1423 bc
1281 1375 1384 1422 verna
1409 1366 1520 1422 matu·

551 1460 636 1533 rior.
660 1460 888 1557 Quaecunque
908 1458 1044 1532 serenda
1063 1459 1159 1544 sunt,
1175 1483 1253 1533 cum
1272 1459 1351 1532 luna
1375 1458 1518 1551 crescit,

551 1569 780 1644 seminentur:
801 1593 878 1669 quae
901 1567 1042 1644 secanda
1070 1568 1149 1643 sunt
1170 1566 1229 1645 uel
1253 1566 1419 1667 legenda,
1437 1593 1517 1645 cum

549 1682 723 1757 minuitur.
1262 1770 1264 1774 ι

597 1791 751 1866 XXXV.
775 1789 909 1864 Contra
923 1788 1063 1863 nebulas
1076 1777 1329 1888 &rubiginem
1346 1786 1460 1862 Paleas
1477 1790 1517 1864 δι

549 1919 767 1999 purgamenta
787 1898 939 1997 pluribus
958 1899 1047 1975 locis
1063 1924 1122 1995 per
1142 1897 1281 1971 bortum
1298 1894 1454 1994 disposita
1474 1897 1539 1969 s1-.

548 2013 619 2086 mul
641 2010 779 2099 omnia,
799 2035 877 2083 cum
893 2008 1034 2082 nebulas
1057 2007 1182 2082 videris
1204 2006 1345 2094 instate,
1367 2007 1517 2079 combun

530 2173 534 2208 2
549 2143 612 2193 res.
628 2120 760 2200 Contra
770 2118 968 2215 grandinem
985 2117 1090 2191 multa
1103 2118 1271 2196 dicuntur.
1283 2118 1401 2189 Panno
1415 2113 1516 2194 roseo

548 2227 641 2322 mola
664 2219 876 2322 cooperitur.
900 2226 982 2299 item
997 2242 1144 2299 cruentae
1165 2224 1293 2298 secures
1307 2241 1425 2298 contra
1441 2248 1516 2295 coe·

430 2391 436 2400 ι
548 2336 620 2409 lum
635 2336 812 2408 minaciter
833 2335 1004 2407 levantur.
1030 2332 1111 2422 item
1133 2357 1236 2406 omne
1257 2331 1350 2416 horti
1373 2331 1515 2428 spatium

356 2475 364 2530 ς
449 2465 451 2468 ’
549 2447 624 2522 alba
646 2447 718 2535 vite
732 2445 968 2544 praecingitur:
983 2444 1040 2517 vel
1053 2444 1176 2516 noslua
1189 2442 1309 2540 pennis
1321 2444 1516 2540 patentibus

548 2553 684 2654 extensa
703 2554 871 2653 suffigitur
884 2581 893 2628 ε
908 2556 963 2628 uel
984 2554 1204 2645 ferramenta,
1224 2554 1348 2648 quibus
1366 2578 1515 2650 operan-

546 2664 627 2744 dum
645 2663 712 2755 cll,
728 2663 809 2761 sepo
827 2682 1001 2763 unguntur
1014 2662 1139 2739 ursino.
1163 2662 1283 2766 Aliqui
1300 2664 1365 2738 urfi
1381 2664 1515 2759 adipem

547 2789 626 2862 cum
646 2773 728 2856 oleo
744 2773 854 2846 tusum
867 2772 1058 2870 reservant,
1073 2770 1229 2872 &falces
1246 2773 1338 2863 boc,
1353 2797 1431 2846 cum
1450 2797 1515 2867 pu·

546 2881 647 2956 taturi
661 2881 758 2974 sunt,
779 2873 923 2981 ungunt.
943 2881 1000 2954 sed
1019 2882 1088 2954 hoc
1111 2880 1308 2956 inocculto
1328 2882 1427 2953 debet
1448 2879 1516 2954 else
1596 2907 1599 2914 ·

435 3070 442 3092 f
546 2990 819 3077 remediumgut
840 2989 952 3061 nullus
976 3007 1114 3086 putator
1133 2989 1321 3087 intelligat:
1343 2990 1438 3083 cujus
1458 2990 1514 3079 vis

546 3112 639 3169 tanta
658 3095 723 3168 esse
741 3094 957 3192 perhibetur,
969 3115 1008 3169 ut
1030 3121 1140 3193 neque
1161 3099 1258 3195 gelu,
1277 3121 1386 3194 neque
1406 3099 1513 3171 nebu·

548 3203 605 3294 la',
631 3227 743 3301 neque
771 3202 886 3300 aliquo
915 3203 1052 3278 animali
1077 3207 1179 3302 possit
1211 3204 1340 3306 noceri.
1373 3204 1528 3280 interest*

546 3312 670 3403 etiam,
685 3333 724 3389 ut
744 3340 797 3387 res
821 3314 999 3413 profanata
1014 3340 1087 3390 non
1109 3316 1232 3391 valeat.
1253 3360 1290 3388 .-
1307 3317 1438 3390 Contra
1449 3305 1512 3390 cu·¹
1552 3334 1554 3338 ’

546 3422 687 3498 lices&
713 3420 868 3511 limaces,
893 3422 950 3498 uel
973 3447 1144 3498 amurcam
1170 3446 1361 3514 recentem,
1386 3425 1512 3499 velex

545 3527 685 3603 cameris
706 3526 880 3628 fuliginem
900 3529 1093 3629 spargimus
1118 3581 1153 3598 .-
1173 3534 1306 3607 Contra
1328 3532 1514 3614 formicas,

544 3636 570 3710 fi
584 3637 619 3709 in
639 3637 744 3711 horto
760 3639 883 3711 habent
897 3638 1079 3730 foramen,
1093 3666 1155 3715 cor
1173 3643 1306 3715 nosluae
1324 3643 1511 3717 admovea-

546 3770 643 3835 mus3
659 3746 682 3819 si
700 3746 785 3822 foris
804 3750 972 3837 veniunt,
987 3774 1092 3823 omne
1106 3750 1198 3822 horti
1217 3750 1358 3846 spatium
1373 3752 1511 3847 cinere,

544 3879 602 3930 aut
616 3875 717 3930 cretae
739 3859 886 3931 candore
907 3857 1082 3955 signemus.
1098 3909 1134 3924 -
1156 3861 1289 3934 Contra
1306 3885 1444 3950 erucas,
1459 3862 1511 3934 se·

519 3977 523 3998 ¹
546 3963 659 4054 mina,
672 3988 748 4062 quae
768 3965 949 4063 spargenda
965 3967 1298 4065 sunt,sempervivae
1311 3969 1413 4043 succo
1435 3994 1511 4042 ma·

547 4070 693 4164 defiant,
714 4072 770 4144 vel
792 4086 966 4147 erucarum
990 4075 1160 4173 sanguine.
1181 4075 1393 4173 Cicer-intra
1414 4075 1509 4149 olera

433 4213 434 4217 =
548 4200 688 4277 propter
704 4183 813 4254 multa
837 4203 995 4279 portenta
1011 4184 1184 4258 serendum
1204 4184 1267 4259 esl(
1280 4181 1396 4283 Aliqui
1414 4187 1510 4257 cine·

549 4312 621 4362 rem
645 4291 686 4365 de
706 4291 773 4368 fico
802 4291 900 4399 super
920 4295 1226 4396 erucasspargunt.
1250 4296 1332 4404 item
1355 4293 1508 4394 squillam
