3875 5759
575 957 732 1035 narn
758 956 973 1035 vertam.
999 957 1098 1032 srva
1121 940 1329 1070 Mulon..
1363 973 1436 1062 '45¹‘

481 1116 579 1192 Aceti
605 1118 760 1208 hemina,
781 1117 857 1191 salis
882 1105 1147 1215 pufillumrsaeris
1169 1117 1233 1191 usti
1258 1117 1439 1210 selibram,

481 1225 642 1323 linopidis
655 1228 749 1323 quod
767 1226 842 1300 satis
857 1225 915 1299 est.
934 1224 1037 1299 Potio
1050 1225 1221 1299 hiemalis:
1234 1226 1361 1312 Croci,
1377 1241 1438 1301 οό-
1552 1233 1559 1240 “

482 1335 523 1408 lli
531 1335 747 1433 ,petroselini
762 1333 992 1424 Macedonici,
1008 1335 1172 1426 murrhae,
1187 1336 1272 1409 turis
1286 1334 1439 1425 masculi,

482 1443 641 1531 tracanti,
654 1435 785 1542 cymini
797 1441 1030 1531 Alexandrini,
1043 1468 1304 1541 crocomagma,
1316 1444 1440 1542 piperis

482 1551 598 1625 uncias
622 1551 787 1650 lingulas,
801 1550 876 1625 vini
903 1554 940 1627 δι
959 1551 1029 1625 olei
1053 1552 1147 1651 quod
1168 1552 1288 1628 sufficit
1311 1550 1439 1651 (ova).

484 1660 684 1734 haecomnia
698 1660 897 1758 permisces,
911 1662 950 1735 dt
965 1660 1059 1733 dabis
1069 1684 1145 1732 cum
1159 1658 1263 1735 succo
1280 1659 1441 1756 ptisana,
1573 1655 1576 1660 ’

483 1766 540 1842 cui
552 1765 702 1841 immittis
714 1769 839 1865 palmas
852 1787 957 1859 xxv,
971 1767 1095 1839 bulbos
1110 1785 1220 1856 xxv,
1236 1767 1375 1866 hyffopi
1389 1768 1442 1842 fa·

484 1874 595 1965 scem,
609 1876 764 1973 caprinos
777 1876 908 1971 adipes,
919 1874 1063 1949 catulum
1076 1874 1216 1978 brevem
1232 1874 1353 1948 vivum
1365 1875 1443 1948 mit·

461 2035 463 2040 .
483 1984 549 2072 tis,
561 2010 661 2083 quem
675 2011 752 2059 cum
764 1983 982 2058 madefadlum
998 1982 1146 2072 videris,
1158 2001 1242 2057 tunc
1255 1983 1371 2056 omnia
1385 2008 1444 2057 ex·

484 2091 647 2182 srccabis,
673 2096 711 2167 δι
735 2089 869 2184 adjicies
893 2089 963 2162 olei
990 2090 1253 2187 quodsufficit,
1277 2111 1359 2166 tunc
1386 2093 1445 2167 illa
1600 2170 1602 2174 ,

485 2203 602 2274 omnia
626 2200 827 2298 permisces,
851 2204 889 2275 δι
911 2198 1117 2298 potionabis.
1137 2201 1238 2274 Potio
1264 2200 1420 2276 estivalis
1434 2226 1449 2276 ε·

485 2308 647 2406 Traganti
657 2361 668 2395 ,
678 2308 794 2397 croci,
804 2307 979 2400 abrotani,
994 2307 1198 2383 cardamomi
1210 2362 1220 2395 ,
1234 2307 1349 2407 glaulii
1360 2332 1447 2407 ,pe-

485 2416 637 2490 troselini
650 2416 866 2489 Macedonici
879 2416 972 2488 binas
988 2415 1118 2506 uncias,
1128 2416 1306 2515 gingiberis
1318 2442 1397 2491 unc.
1415 2442 1446 2492 1.

487 2526 561 2600 haec
576 2543 761 2624 temperas,
775 2528 814 2602 &
827 2553 903 2601 cum
926 2527 1004 2601 dare
1018 2526 1187 2621 coeperis,
1201 2525 1306 2600 mittis
1331 2526 1446 2623 qnoti-

485 2635 541 2707 die
556 2635 707 2709 heminas
723 2633 864 2731 fingulas
877 2631 1012 2727 fingulis
1032 2628 1200 2724 j'umentis.
1219 2630 1331 2704 Addes
1350 2630 1446 2727 porti

487 2737 627 2833 ledivi,
639 2741 756 2840 porcla
769 2740 806 2811 srl
820 2738 961 2829 Gallici,
974 2759 1050 2826 tus,
1064 2738 1198 2834 apium,
1213 2738 1282 2812 olei
1296 2738 1370 2815 Afri
1384 2741 1446 2813 he·
1547 2789 1550 2793 ⁴

487 2848 854 2945 minam,tempctabis
868 2845 1120 2945 quodlufficit,
1133 2848 1301 2924 &ureris
1394 2943 1398 2952 Ι

783 3096 1150 3154 ·-—-·-·r
