3875 5759
441 853 1353 954 ⁴156PALLADIIRUTILII

417 1016 422 1032 ¹
479 1017 602 1091 ¹Austri
615 1017 801 1113 captandos
814 1014 931 1102 flatus,
945 1012 1028 1089 &in
1042 1040 1117 1087 eum
1131 1014 1249 1110 pascua
1262 1013 1453 1110 dirigenda,

488 1151 529 1198 ac
545 1126 591 1197 fic
610 1124 771 1197 ineundas
787 1138 919 1227 matres.
943 1123 1019 1222 [ur]
1040 1142 1249 1195 mortuarum
1270 1125 1326 1195 vel
1348 1125 1453 1196 vitio-

487 1235 596 1308 sarum
611 1260 770 1308 numerus
782 1236 923 1307 novella
936 1236 1054 1307 sobole
1068 1253 1246 1330 reparetur.
1259 1236 1454 1306 Audumno

486 1344 611 1416 debiles
631 1368 774 1442 quaeque
792 1343 902 1442 pretio
921 1363 1115 1433 mutentur,
1131 1369 1174 1415 ne
1190 1368 1245 1416 eas
1269 1344 1454 1415 imbecillas

485 1452 665 1523 hibernum
685 1452 789 1552 frigus
806 1453 964 1526 absumat.
983 1452 1099 1552 Aliqui
1117 1452 1248 1526 duobus
1263 1474 1340 1524 ame
1355 1478 1453 1524 men·

483 1559 574 1634 tibus
595 1562 716 1635 arietes
741 1591 761 1637 a
781 1565 876 1638 coitu
899 1583 1087 1652 revocant,
1111 1579 1149 1635 ut
1172 1562 1278 1636 facem
1304 1560 1455 1634 libidinis

481 1690 601 1765 augeat
614 1672 737 1746 ‚dilatio
753 1674 952 1771 voluptatis.
972 1672 1121 1767 Quidam
1137 1670 1231 1744 coire
1245 1671 1312 1742 tine
1327 1671 1453 1745 discre-¹

481 1777 579 1851 tione
599 1780 804 1877 permittunt
816 1837 829 1870 ,
841 1802 881 1868 ut
895 1784 965 1855 hoc
981 1782 1028 1854 eia
1045 1802 1166 1879 genere
1184 1801 1244 1874 per
1256 1803 1382 1850 annum
1398 1796 1453 1854 to·‚

481 1903 554 1959 tum
575 1889 702 1963 foetura
721 1917 793 1965 non
813 1890 905 1966 defit.

537 2001 580 2073 V.
602 2002 679 2074 Hoc
705 1999 835 2088 mense,
863 2028 940 2075 cum
963 2000 1013 2075 sol
1039 1995 1162 2074 Cancri
1183 1995 1310 2071 tenebit
1331 1995 1451 2091 hospi·

414 2122 420 2127 '
480 2108 587 2197 tium,
606 2112 685 2182 luna
711 2110 802 2184 sexta
820 2111 856 2183 in
878 2111 1084 2206 Capricorni
1107 2111 1201 2207 igno
1226 2106 1354 2204 posita,
1374 2132 1451 2202 gra·

480 2209 560 2292 men
575 2214 720 2291 ablatum
738 2207 853 2293 Graeci
867 2222 1011 2291 afferunt
1029 2221 1113 2292 nihil
1127 2224 1168 2293 de
1180 2220 1348 2292 radicibus
1362 2218 1451 2289 redi·

480 2342 606 2398 turum.
630 2330 711 2397 Item
736 2328 760 2397 fi
785 2327 938 2400 bidentes
962 2329 1083 2425 cyprei
1105 2326 1206 2413 fiant,
1231 2331 1268 2398 δι
1293 2328 1451 2420 sanguine

479 2432 656 2532 tingantur
684 2433 845 2527 hircino,
869 2437 908 2510 δι
933 2437 1010 2532 post
1038 2434 1188 2509 fornacis
1216 2436 1352 2506 ardores
1378 2460 1451 2506 non

480 2568 588 2641 aqua,
615 2545 671 2618 sed
693 2546 815 2618 eodem
843 2545 1002 2644 sanguine
1025 2562 1279 2640 temperentur,
1302 2568 1362 2638 per
1388 2569 1451 2616 eos

480 2671 613 2727 erutum
637 2680 774 2751 gramen
798 2654 981 2753 exstingui.
1044 2644 1046 2648 ⁷

529 2768 588 2837 Vl.
608 2766 688 2840 Hoc
712 2765 825 2838 mense
844 2766 965 2838 vinum
986 2761 1105 2836 scillite
1124 2762 1168 2834 fic
1185 2761 1324 2834 facimus
1339 2789 1348 2834 τ
1363 2762 1452 2834 Scil-

480 2872 549 2946 lam
570 2875 611 2946 de
629 2876 801 2951 montanis
816 2888 873 2947 aut
886 2873 1064 2947 maritimis
1081 2872 1169 2946 locis
1183 2872 1243 2944 sub
1258 2891 1336 2944 ortu
1350 2873 1452 2944 Cani·

483 2982 634 3054 'cularum
651 2981 807 3081 [ledam]
821 2984 943 3079 procul
956 2982 1066 3056 a-sole
1083 2982 1254 3055 siccamus.
1270 2986 1322 3052 Ex
1337 2983 1398 3054 hac
1414 2983 1450 3054 in

481 3088 559 3162 vini
572 3091 769 3184 amphoram
784 3092 884 3163 unius
898 3092 993 3162 librae
1008 3091 1193 3162 mensuram
1207 3092 1384 3179 mittimus,
1398 3093 1451 3161 in·

364 3287 366 3292 s
481 3194 557 3269 cisrs
575 3216 654 3268 ante
670 3216 782 3270 tamen
796 3198 974 3293 superfluis
994 3199 1033 3270 &
1047 3197 1181 3292 abjectis
1202 3198 1451 3296 foliis,quibus

481 3328 558 3398 pars
581 3324 734 3378 extrema
762 3307 905 3380 velatur.
929 3307 1079 3399 Quidam
1106 3307 1274 3383 velamina
1298 3308 1367 3402 ipsa
1388 3307 1448 3380 filo

435 3410 438 3415 ’
481 3412 604 3487 inserta
626 3414 852 3512 suspendunt,
872 3435 909 3488 ut
934 3416 1021 3496 vino
1046 3415 1153 3489 infusa
1177 3436 1388 3515 mergantur,
1411 3421 1450 3492 δε

482 3546 556 3594 non
571 3522 718 3597 admixta
738 3525 878 3599 faecibus
895 3524 970 3620 post
983 3545 1035 3599 xa
1052 3526 1179 3597 dierum
1196 3527 1334 3623 spatium
1348 3528 1451 3617 serta,

482 3656 561 3727 quae
575 3627 719 3730 appetisa
740 3634 834 3728 sunt,
847 3629 1051 3709 auferantur.
1067 3638 1145 3707 Hoc
1161 3635 1236 3707 vini
1257 3635 1359 3733 genus
1375 3638 1449 3710 ruffi

374 3738 377 3744 ’
481 3744 624 3834 resistet,
641 3766 796 3818 ventrem
819 3746 993 3845 purgabit,
1015 3747 1135 3843 flegma
1157 3748 1339 3837 diffolvet,
1359 3748 1448 3843 sple-

481 3851 602 3925 neticis
616 3854 787 3947 proderit,
800 3880 943 3930 acumen
958 3854 1126 3951 praestabit
1145 3856 1349 3945 oculorum,
1363 3882 1449 3929 con-

482 3959 600 4033 citabit
616 3960 809 4056 digestionis
824 3964 959 4037 auxilia.
1050 4008 1055 4015 ·
1140 4014 1141 4018 =

532 4072 913 4165 V11.[Drlrydromrlli.]
933 4072 1176 4147 lnchoantibus
1188 4070 1448 4146 Canicularibus

483 4175 599 4252 diebus
623 4205 743 4279 aquam
767 4206 882 4276 puram
904 4181 1131 4277 pridiesumis
1149 4207 1191 4252 ex
1206 4180 1313 4255 fontei
1330 4185 1367 4251 ln
1388 4182 1449 4252 tri·

482 4286 545 4359 bus
557 4314 652 4386 aquae
676 4290 846 4387 sextariis,
862 4317 968 4366 unum
983 4290 1162 4367 sextarium
1183 4318 1255 4366 non
1271 4292 1448 4391 dispumati
