3875 5759
612 852 743 925 nnsis
767 849 983 924 ustinus.
1009 846 1111 921 stus
1132 800 1318 923 muron.
1383 869 1450 951 343
1474 941 1475 946 g

491 1014 581 1084 Inter
597 1010 737 1085 exordia
759 1009 1032 1110 igitur'taedianti
1055 1007 1142 1083 bovi
1163 1008 1320 1085 adversus
1333 1028 1453 1088 omnes

489 1118 634 1191 morbos
659 1118 758 1215 potio
782 1118 840 1191 illa
859 1109 1080 1191 subcurrent:
1097 1117 1183 1189 Tres
1206 1115 1304 1189 semis
1335 1115 1454 1189 uncias

491 1224 620 1320 squillae
632 1228 821 1301 minutatim
836 1221 1004 1311 loncisas,
1017 1240 1178 1323 preterea
1190 1225 1320 1300 radices
1329 1244 1455 1299 teneras

419 1343 441 1365 ³
488 1337 609 1431 populi
627 1337 757 1411 effossas
777 1340 814 1413 δι
836 1337 1013 1434 diligenter
1032 1336 1119 1414 lotas
1138 1337 1329 1409 contundes
1342 1335 1377 1407 in
1396 1334 1454 1431 pi·,
1505 1412 1509 1417 ,

490 1442 594 1533 la,&
612 1447 675 1520 tria
694 1472 737 1521 ex
760 1446 800 1520 iis
814 1448 984 1543 pondera,
998 1446 1115 1519 addito
1134 1444 1281 1517 sextario
1300 1443 1401 1534 salis,
1415 1442 1453 1516 in

491 1553 563 1628 uini
576 1555 702 1652 septem
716 1556 877 1630 sextarios
890 1557 1021 1653 mittes,
1038 1560 1074 1630 δι
1090 1579 1149 1652 per
1162 1554 1287 1649 septem
1307 1554 1453 1648 diesper

488 1685 529 1736 os
549 1660 660 1739 bobus
673 1666 820 1765 singulos
837 1667 1000 1741 sextarios
1021 1667 1164 1763 digeres.
1188 1660 1348 1756 Quodsi
1372 1678 1453 1734 toto

403 1861 405 1864 v
491 1798 583 1849 anno
601 1777 762 1883 adversm
783 1771 902 1853 omnes
917 1776 1130 1875 egritudines
1146 1774 1329 1870 desperatas
1343 1773 1453 1845 boues

488 1881 637 1988 slagnare
650 1886 804 1972 volueris
816 1940 829 1974 ,
843 1885 1030 1979 incipiente
1046 1908 1146 1971 vere,
1159 1883 1194 1955 id
1209 1882 1272 1969 esi,
1286 1882 1328 1953 ab
1341 1881 1454 1953 Idibus

488 1996 660 2071 Februarii
677 1996 1005 2096 quindecimdiebus
1020 1993 1212 2085 continuis,
1229 1994 1318 2084 hanc
1332 1993 1450 2088 potio·

492 2129 572 2178 nem
598 2108 691 2181 dabis
707 2106 867 2181 omnibus
881 2106 998 2179 diebus
1011 2130 1109 2203 ,quae
1131 2104 1235 2204 usque
1259 2106 1344 2189 adeo
1366 2102 1451 2176 salus
1500 2150 1506 2165 ‚
1578 2096 1582 2103 ¹

491 2206 573 2313 taris'*
594 2218 719 2307 esl,ut
745 2218 967 2313 approbatum
985 2218 1046 2307 stt,
1072 2216 1203 2318 integro
1227 2240 1319 2290 anno
1337 2208 1450 2287 boves
1471 2309 1474 2314 Ι

488 2319 543 2419 ι[ιιι
555 2344 691 2399 curatos
711 2317 837 2406 nullius
849 2323 965 2398 morbi
986 2325 1192 2423 contagione
1211 2323 1340 2399 tentari.
1354 2321 1449 2396 Talis

488 2429 588 2503 etiam
611 2433 874 2530 compositio&
896 2435 1024 2508 morbis
1044 2434 1180 2524 restit,
1194 2436 1232 2509 &
1255 2423 1349 2508 vires
1372 2430 1447 2504 ani·
1496 2421 1497 2426 ἵ

487 2541 624 2622 matrum
638 2540 766 2617 firmat:
782 2542 870 2617 sous
885 2542 1138 2639 capuanum
1153 2528 1446 2639 myrsineum,
1557 2555 1587 2635 f

487 2650 564 2724 folii
586 2654 729 2751 cypreffi
745 2679 807 2726 ana
823 2654 940 2726 uncias
953 2671 1020 2725 tres
1039 2651 1282 2748 diligentissime
1297 2654 1445 2741 deteres,

485 2758 642 2835 infundes
657 2762 699 2834 in
719 2761 878 2857 congium
892 2786 1009 2855 aquae,
1029 2760 1068 2833 &
1082 2783 1151 2831 uua·
1170 2760 1269 2831 node
1283 2758 1343 2831 sub
1358 2758 1446 2834 divo

485 2892 621 2939 manere
641 2866 796 2963 patieris,
811 2868 850 2941 δι
870 2866 949 2939 inde
968 2889 1183 2963 unoquoque
1203 2864 1442 2961 bove-tepefa-
1545 2882 1549 2888 ·

486 2967 542 3047 &o
558 3001 617 3071 per
629 2976 777 3048 triduum
794 2974 941 3076 singulos
961 2974 1122 3047 sextarios
1135 2974 1236 3048 dabis.
1254 3000 1330 3070 quae
1343 2971 1443 3070 potio

484 3085 527 3157 ad
548 3083 728 3182 stagnauda
745 3084 899 3175 animalia
918 3103 1036 3181 quater
1056 3084 1090 3156 in
1111 3107 1201 3156 anno
1218 3082 1370 3156 facienda
1393 3081 1441 3155 est
1506 3134 1510 3139 -

484 3194 611 3267 ultimis
640 3191 852 3290 temporibus
871 3193 960 3267 veris
974 3245 993 3291 ,Ι
1011 3192 1152 3282 cessatis,
1177 3191 1373 3283 auslumni‚
1400 3195 1440 3269 δε
1508 3237 1511 3247 ·

482 3297 616 3379 hiemis}
627 3304 773 3376 Morbos
785 3300 1062 3401 aegritudinesque
1077 3300 1224 3397 depellit.
1240 3319 1307 3376 tres
1321 3302 1440 3377 uncias

484 3414 663 3489 baccarum
691 3410 802 3498 lauri,
827 3410 1017 3507 gentianae,
1044 3410 1269 3511 aristolochiae
1297 3408 1409 3506 longae
1424 3455 1456 3500 ‚v
1486 3482 1489 3486 ,

484 3516 656 3613 myrrhae,
674 3513 842 3585 beronice
866 3512 1109 3611 diligentiffime
1131 3515 1265 3601 detere,
1285 3515 1324 3588 &
1337 3512 1439 3585 misce

427 3700 430 3711 ,
483 3649 561 3697 cum
576 3646 672 3694 mero
685 3675 695 3711 ,
708 3646 749 3693 ex
764 3644 835 3719 quo
848 3620 952 3693 trinas
963 3621 1237 3710 heminastriduo
1252 3619 1373 3721 jugiter
1384 3620 1451 3726 jug
1469 3632 1471 3636 ’
1497 3691 1500 3696 s

482 3748 601 3809 mento
622 3757 682 3829 per
701 3756 741 3806 os
757 3731 860 3807 dabis.
877 3732 985 3829 Spicae
998 3758 1136 3831 quoque
1149 3733 1219 3807 allii
1236 3733 1343 3823 trite,
1358 3756 1437 3807 cum

481 3844 568 3918 vino
590 3867 728 3941 quoque
745 3867 805 3939 per
820 3867 917 3919 nares
933 3841 1073 3930 infusae,
1087 3861 1232 3942 purgant
1251 3842 1361 3937 capita
1380 3838 1436 3935 ju·

482 3945 686 4028 mentorum]
708 3956 787 4057 Qva
800 3954 901 4028 cruda
915 3979 991 4028 cum
1007 3953 1105 4026 melle
1116 3951 1344 4046 jumentorum
1360 3951 1437 4025 fau-

483 4062 577 4137 cibus
596 4063 806 4153 inseruntur,
818 4081 918 4160 atque
932 4061 978 4136 ita
994 4060 1158 4135 fastidium
1177 4086 1216 4137 ac
1230 4060 1349 4134 nausea
1367 4059 1437 4139 dis*¹

481 4171 615 4244 cutitur.
626 4174 770 4269 Expedit
783 4191 893 4245 tamen
906 4227 916 4264 ‚
928 4174 1025 4246 salem
1040 4171 1169 4269 pabulis
1183 4170 1335 4260 misceri,
1347 4196 1450 4264 mane

481 4278 617 4355 rubium
631 4306 769 4381 quoque
781 4282 894 4359 tritum
909 4288 1007 4361 maire
1020 4286 1197 4462 curuoleg
1206 4281 1355 4386 vinoque
1370 4280 1434 4372 dis,

1073 4420 1076 4426 '
1219 4413 1267 4486 4η
