3875 5759
477 964 548 1056 14⁶
597 961 979 1034 ancuuorr
1028 962 1344 1038 austris

474 1120 652 1197 maritimis
669 1123 708 1194 δι
731 1119 949 1194 calidioribus
963 1147 1004 1193 ac
1020 1121 1115 1196 siccis
1132 1122 1237 1196 tritici
1252 1126 1359 1197 meffis
1378 1125 1440 1199 ab-'

473 1231 626 1307 sciditur.
649 1232 764 1322 Quam
786 1249 933 1326 paratam
949 1230 1013 1301 effe
1028 1232 1239 1328 cognosces,
1255 1234 1278 1317 sr
1303 1235 1440 1331 aequali·

473 1355 527 1411 ter
553 1339 716 1435 spicarum
744 1338 893 1434 populus
919 1356 1089 1430 maturato
1115 1342 1241 1414 rubore
1269 1342 1440 1419 flavescat.

471 1453 552 1523 Pars
572 1449 759 1521 Galliarum
784 1448 920 1544 planior
942 1450 1010 1523 hoc
1042 1453 1249 1546 compendio
1271 1454 1376 1525 utitur
1396 1452 1439 1525 ad

357 1565 359 1570 ’
471 1560 683 1646 metendum,
699 1563 735 1632 δι
750 1581 872 1654 ptaeter
887 1550 1063 1631 hominum
1085 1560 1238 1651 labores,
1254 1564 1351 1635 unius
1371 1564 1439 1634 bo·

469 1665 525 1743 vis
546 1692 650 1762 opera
671 1665 814 1761 spatium
837 1665 943 1740 totius
960 1668 1069 1739 melfis
1084 1667 1236 1741 absumit.
1254 1669 1304 1741 Fit
1322 1670 1436 1767 itaque

469 1777 691 1864 vehiculum,
705 1778 801 1875 quod
812 1777 940 1849 duabus
955 1777 1040 1860 rotis
1063 1776 1226 1848 brevibus
1240 1775 1356 1848 fertur.
1374 1780 1437 1849 hu·

471 1884 526 1983 jus
542 1889 705 1983 quadrata
725 1884 917 1983 superficies
937 1887 1061 1960 tabulis
1080 1871 1253 1975 munitur,
1268 1912 1343 1981 quae
1359 1887 1436 1958 for-

467 1994 600 2072 insecus
622 1998 765 2092 reclines
780 1998 816 2069 in
838 1996 970 2069 summo
994 1998 1135 2070 reddant
1156 1996 1258 2093 spatia
1276 1996 1434 2096 largiora.

467 2106 511 2179 ab
533 2106 604 2201 ejus
625 2105 737 2176 fronte
759 2104 912 2198 carpenti
936 2106 1077 2175 brevior
1097 2106 1143 2178 est
1165 2106 1311 2178 altitudo
1332 2106 1432 2177 tabu·
1459 2190 1461 2194 Α

392 2226 400 2231 ’
466 2217 586 2286 larum.
614 2210 661 2281 ibi
689 2210 852 2281 denticuli
878 2209 1017 2303 plurimi
1045 2238 1084 2282 ac
1111 2217 1184 2287 rari·
1201 2218 1242 2288 ad
1268 2216 1433 2311 spicarum

466 2325 656 2401 mensuram
677 2320 927 2395 constituuntur
953 2319 988 2390 in
1010 2323 1191 2411 ordinem,
1210 2327 1251 2395 ad
1278 2325 1434 2419 superio·

466 2447 537 2508 ren'r
554 2449 681 2528 partem
694 2428 842 2500 recurvi.
858 2430 887 2497 A
902 2446 998 2525 tergo
1014 2453 1099 2500 vero
1119 2428 1267 2522 ejusdem
1281 2432 1432 2507 vehiculi

464 2547 539 2618 duo
566 2538 749 2613 brevissimi
773 2556 927 2609 temones
955 2536 1166 2635 figurantur,
1190 2539 1285 2613 velut
1313 2542 1432 2617 amites

465 2651 707 2732 basternarum.
728 2651 774 2724 ibi
797 2651 861 2723 bos
876 2650 985 2747 capite
999 2650 1033 2722 in
1050 2650 1247 2725 vehiculum
1264 2653 1363 2726 verso
1378 2654 1432 2749 ju·

463 2793 511 2869 go
528 2786 662 2863 aptatur
685 2767 724 2838 &
746 2761 893 2837 vinculis
907 2762 1129 2851 ,mansuetus
1151 2762 1252 2850 sane,
1275 2764 1334 2858 qui
1358 2790 1431 2840 non

463 2878 606 2952 modum
633 2871 859 2965 compulsoris
883 2872 1033 2968 excedat.
1061 2871 1118 2943 hic
1143 2873 1203 2944 ubi
1229 2875 1431 2949 vehiculum

411 3067 413 3072 ,
462 3010 526 3083 per
544 2978 659 3055 melles
672 2977 780 3074 coepit
793 2965 992 3071 impellere,
1007 2978 1118 3050 omnis
1132 2977 1220 3074 spica
1241 2978 1276 3051 in
1289 3008 1431 3078 carpen-

358 3155 360 3157 ,
462 3111 535 3167 tum
566 3086 747 3160 denticulis
769 3085 1013 3179 comprehensa
1041 3088 1257 3177 cumulatur,
1280 3090 1429 3187 abruptis

464 3226 504 3275 ac
523 3196 646 3271 relillis
669 3192 798 3290 paleis;
817 3193 1030 3265 altitudinem
1046 3196 1102 3265 vel
1119 3196 1339 3269 humilitatem
1355 3202 1428 3295 ple·

463 3315 608 3406 rumque
630 3303 782 3378 bubulco
803 3302 1027 3408 moderante,
1051 3303 1112 3399 qui
1134 3304 1292 3402 sequitur.
1318 3308 1356 3380 δι
1380 3308 1427 3382 ita

355 3435 357 3444 '
462 3444 525 3516 per
548 3440 673 3513 paucos
701 3413 775 3510 itus·
794 3411 834 3485 ac
858 3411 983 3504 reditus
1011 3414 1112 3501 brevi·
1129 3415 1427 3512 horarumspatio

462 3546 536 3602 tota
559 3526 668 3597 mellis
691 3522 860 3620 impletur.
885 3524 964 3597 Hoc
991 3524 1234 3621 campestribus
1258 3525 1344 3600 locis
1369 3528 1428 3602 vel

461 3635 650 3734 aequalibus
669 3633 752 3706 utile
771 3630 838 3724 est,
854 3634 893 3707 δι
911 3631 974 3726 iis,
995 3636 1119 3733 quibus
1139 3635 1319 3710 necellaria
1331 3639 1427 3735 palea

460 3773 534 3824 non
555 3747 708 3827 habetur.

486 3895 490 3906 ¹
509 3864 562 3934 111.
573 3859 678 3931 Nunc
690 3855 906 3953 frigidissimis
919 3856 1024 3944 locis,
1038 3879 1115 3950 quaa
1135 3853 1231 3949 Majo
1247 3855 1321 3927 sunt
1335 3882 1425 3952 prae·

458 3967 603 4045 termiffa
612 4022 625 4055 ,
642 3966 815 4040 faciemus.
832 3990 932 4064 agros
949 3989 1044 4060 aeque
1066 3963 1319 4059 proscindemus
1343 3964 1424 4035 her·

458 4082 549 4156 bofis
568 4081 606 4152 δι
625 4077 743 4176 gelidis
762 4077 927 4172 partibus.
954 4074 1070 4150 vineta
1091 4075 1297 4149 occabimus.
1321 4074 1425 4151 colli·

457 4216 575 4295 gemus
589 4185 724 4264 viciam.
739 4187 872 4263 foenum
886 4193 1045 4263 Graecum
1061 4187 1282 4263 resecabimus
1308 4189 1348 4259 ad
1364 4215 1424 4283 pa·

456 4304 585 4376 bulum.
605 4305 684 4377 Hoc
704 4300 816 4373 mense
838 4299 925 4373 locis
944 4298 1073 4396 frigidis
1097 4299 1282 4397 peragenda
1303 4299 1350 4369 est
1373 4299 1422 4369 le·

457 4410 634 4509 guminurn
655 4404 763 4486 meffis
777 4404 915 4507 sitaque
934 4406 1131 4484 lenticulam
1152 4407 1352 4497 colletlam,
1372 4401 1421 4486 ci·¹
