3875 5759
465 993 469 1005 ι
611 879 1106 986 xux1sueteu1u.s1va
1133 883 1320 956 morou.
1376 907 1446 978 4⁴7

490 1044 658 1119 curanda:
676 1042 819 1135 Adipem
841 1039 1019 1130 taurinam,
1033 1063 1165 1132 ceram,
1179 1039 1308 1137 picem,
1324 1041 1450 1116 oleum.

487 1152 594 1251 Igitur
618 1148 919 1235 medicamentum,
941 1151 1036 1244 quod
1059 1149 1156 1245 supra
1179 1150 1268 1237 dixi,
1292 1150 1450 1224 catuloti·

488 1284 566 1331 cum
582 1256 637 1330 est.
650 1257 817 1348 Glicium,
832 1258 927 1353 quod
939 1256 1019 1331 facit
1032 1258 1076 1329 ad
1089 1257 1206 1330 omnia
1220 1258 1360 1333 vulnera
1375 1260 1449 1332 sot·

487 1369 625 1444 dida&
652 1367 829 1443 cancroso:
845 1370 1053 1455 Amurcam,
1075 1366 1196 1457 salem,
1221 1388 1372 1443 acetum:
1398 1371 1449 1446 his

418 1512 426 1537 ι
487 1476 624 1565 mixtis,
639 1494 801 1573 quantum
822 1476 992 1566 volueris,
1013 1476 1054 1547 ad
1075 1474 1320 1550 crassitudinem
1343 1477 1470 1553 mellis⁹

486 1586 601 1660 uteris.
612 1586 797 1661 Officulare
808 1585 1109 1670 medicamentum,
1122 1586 1218 1682 quod
1229 1585 1308 1661 facit
1323 1588 1365 1659 ad
1375 1613 1449 1661 om·

486 1694 543 1766 nia
563 1694 720 1786 officula,
744 1698 782 1769 δι
804 1692 965 1794 (darscus
984 1718 1054 1790 quo
1081 1692 1162 1766 loco
1184 1691 1366 1785 factumst
1389 1697 1448 1771 de·

485 1801 670 1897 jiciendum
686 1803 860 1902 volueris)
873 1806 984 1888 Pipem
999 1802 1180 1897 liquidam,
1194 1803 1372 1901 axungiam
1384 1828 1449 1879 ve·

486 1931 610 2002 terem,
627 1914 808 2012 aeruginem
831 1914 917 1984 bene
938 1911 1048 1983 tritam
1071 1912 1108 1983 δι
1132 1909 1338 1998 admixtam,
1356 1914 1449 1987 colas

485 2021 572 2094 bene
590 2024 723 2095 coctum
736 2076 746 2110 ,
761 2019 836 2115 post
852 2019 1085 2093 decoctionem
1109 2017 1204 2115 supra
1225 2017 1345 2115 scripta
1369 2046 1447 2114 pur·

484 2148 541 2225 gat
566 2129 708 2200 vulnera
735 2127 923 2225 diligenter.
945 2128 1140 2226 Stypticum
1155 2181 1167 2218 ,
1184 2129 1278 2226 quod
1302 2128 1383 2203 facit
1407 2132 1449 2203 ad

453 2309 454 2312 ,
484 2237 1447 2339 omniavulnerahumecta,&fungosexficcandosutlu

484 2371 563 2418 men
579 2345 731 2435 scissum,
746 2345 847 2444 galias
860 2347 1028 2434 minores,
1044 2349 1189 2425 cortices
1205 2350 1284 2424 mali
1300 2351 1449 2449 granati,

398 2456 399 2460 ’
485 2457 707 2531 subcorticem
722 2459 763 2529 de
778 2456 847 2553 ipsa
859 2460 992 2533 arbore.
1006 2459 1079 2532 haec
1093 2459 1208 2532 omnia
1222 2460 1319 2548 trita,
1335 2459 1449 2553 pulvis

483 2569 584 2665 ipsius
599 2569 798 2642 vulneribus
812 2570 1018 2643 exsiccandis
1034 2570 1135 2642 valde
1145 2567 1290 2662 prodest.
1304 2569 1448 2640 Medica·

483 2681 659 2767 mentum,
672 2679 767 2773 quod
783 2676 862 2747 facit
883 2677 925 2746 ad
946 2675 1061 2746 omnia
1083 2676 1226 2747 vulnera
1247 2675 1447 2749 claudenda:

482 2786 716 2869 Abfinthium,
741 2783 949 2879 sinopidem,
975 2782 1131 2878 lepidam.
1158 2783 1232 2856 haec
1267 2783 1329 2855 tria
1362 2785 1448 2855 bene

483 2893 670 2965 commixta
691 2890 819 2964 faciunt
841 2889 1123 2962 medicamentum
1140 2889 1285 2981 siccum,
1299 2892 1393 2988 quod
1405 2893 1447 2964 ad

483 3004 598 3076 omnia
613 3002 918 3097 vulneraprodest.
934 3001 1205 3097 lmpledoricum
1222 3001 1446 3075 medicamen·

482 3131 570 3200 tum,
582 3112 677 3209 quod
692 3109 769 3186 facit
781 3112 821 3184 ad
835 3112 951 3184 omnia
964 3136 1049 3185 cava
1064 3108 1264 3206 supplenda:
1280 3109 1446 3183 Pollinem
1502 3166 1505 3172 .

482 3211 586 3313 turis,
601 3223 764 3321 pollinem
780 3222 895 3312 hetbi,
910 3223 1065 3319 lepidam.
1080 3221 1151 3294 haec
1168 3222 1254 3294 bene
1275 3223 1352 3293 trita
1373 3245 1444 3295 mc·

482 3334 706 3406 dicamentum
733 3332 862 3407 faciunt
876 3336 918 3404 ad
938 3334 1122 3431 supplenda
1136 3330 1193 3405 vel
1208 3332 1446 3431 'elympidanda

483 3443 637 3517 vulnera.
651 3442 705 3512 Ad
718 3442 900 3513 oculorum
912 3459 1069 3536 rupturas
1080 3443 1118 3513 δι
1131 3440 1298 3512 tuniculas
1309 3440 1446 3512 servan·

482 3551 539 3621 das
554 3546 707 3643 prodest,
719 3546 743 3617 sr
756 3543 803 3616 fel
817 3546 991 3641 caprinum
1010 3546 1084 3617 taut
1101 3548 1243 3643 caprino
1255 3546 1446 3634 misceatur,
1462 3551 1466 3556 ’

482 3664 520 3735 δι
535 3660 579 3733 fic
598 3682 709 3753 penna
731 3656 823 3755 nigra
841 3656 936 3730 oculi
960 3657 1174 3755 inungantur.
1190 3658 1243 3730 Ad
1264 3659 1445 3732 oculorum

481 3774 595 3844 album
615 3769 684 3843 five
703 3769 913 3866 glaucomata
933 3768 978 3842 sic
996 3767 1114 3841 facies:
1129 3769 1212 3841 Vini
1231 3768 1389 3841 sextarios
1404 3794 1442 3857 4,

481 3882 553 3981 gari
567 3880 661 3952 floris
677 3880 853 3954 sextarium
868 3906 998 3971 unum,
1013 3880 1121 3953 mellis
1135 3878 1252 3958 uncias
1268 3908 1302 3968 4,
1323 3875 1445 3972 pariter

482 3993 645 4090 decoquis
664 3995 701 4065 &
720 3992 831 4064 uteris.
849 3993 901 4064 Ad
922 4009 1090 4065 recentem
1111 3992 1285 4063 ocularem
1308 3986 1442 4084 percus·

483 4104 554 4176 sum
565 4131 573 4174 ε
584 4104 713 4193 Croci,
727 4103 888 4201 myrrhae,
900 4103 984 4174 turis
999 4099 1150 4188 masculi,
1164 4095 1444 4197 gummimedul·

483 4213 526 4283 lae
537 4214 746 4301 vervecina,
760 4212 938 4308 anagallici
953 4210 1062 4297 succi,
1075 4210 1203 4296 mellis,
1217 4205 1362 4279 cardami
1372 4205 1441 4293 ,bi-

484 4347 543 4397 nas
558 4321 688 4397 uncias.
704 4320 937 4421 Synchrisma:
957 4323 1054 4396 Ceto
1069 4316 1153 4391 rusae
1164 4317 1317 4416 pondera
1332 4341 1365 4409 2,
1380 4339 1441 4388 ax·
1581 4357 1586 4368 ·
