3875 5759
610 857 1108 939 transmaritimum
1133 863 1321 939 nolon
1383 853 1473 962 263-

484 1021 552 1118 δι,
568 1048 646 1098 cum
665 1024 849 1123 nigrescere
860 1024 1002 1111 videris
1015 1025 1150 1097 collum
1162 1024 1218 1099 est
1233 1026 1412 1099 Exinde
1376 1052 1453 1101 vmr

491 1133 659 1206 heminam
674 1134 837 1225 misceto,
860 1134 960 1208 ficut
968 1133 1064 1231 supra
1082 1132 1239 1231 scripturn
1257 1135 1304 1206 est
1315 1138 1452 1233 ,&per

492 1264 603 1314 cornu
624 1241 777 1315 faucibus
799 1240 984 1314 infundite.

505 1356 688 1427 XXXV.
706 1354 740 1425 Si
763 1350 885 1452 quod'
876 1368 1066 1443 rumentum
1084 1352 1127 1424 ab
1146 1337 1368 1452 indigestione
1392 1358 1450 1433 vel

488 1460 622 1557 pletura
642 1462 909 1549 febricitaverit,
931 1463 1065 1535 naribus
1085 1462 1234 1560 spiritum
1261 1466 1386 1553 ducet,
1411 1471 1478 1542 δι’

488 1570 548 1644 ilia
567 1565 762 1671 frequenter
782 1560 945 1671 agitabit,
965 1571 1195 1670 anhelitusque
1222 1574 1287 1646 erit
1312 1574 1454 1649 fervens·
1526 1618 1533 1632 ·

446 1744 450 1751 .
488 1681 529 1752 &
546 1680 657 1756 aridus
666 1680 818 1777 ,spinam
835 1680 1112 1754 faciliuslleelet:
1128 1708 1203 1753 nam
1223 1681 1284 1777 qui
1308 1708 1352 1753 ex
1369 1709 1450 1780 per·
1460 1727 1463 1734 ·
1567 1677 1570 1682 ’

486 1786 659 1863 stridione
682 1789 808 1878 febrit,
831 1789 958 1886 rigidus
982 1787 1054 1872 est3
1078 1788 1157 1881 quia
1182 1787 1277 1859 calor
1298 1792 1453 1866 membra
1474 1873 1475 1877 Ἰ

487 1897 639 1972 dillolvit
641 1900 767 1997 felgus
777 1898 960 1995 adstringit
973 1899 1027 1966 Ex
1038 1896 1187 1989 pletura
1178 1914 1279 1993 igitur
1292 1897 1448 1972 febrienti

485 2000 656 2102 copiosus
661 2009 793 2106 sanguis
813 2005 979 2079 emittitur
1000 2003 1042 2074 de
1063 2003 1219 2092 cervice,
1235 2023 1329 2077 nares
1349 2026 1451 2079 aceto

485 2118 739 2212 perfricantur,
761 2137 799 2189 ut
819 2116 982 2188 sternutet
1002 2113 1130 2208 sapius.
1152 2109 1280 2189 Venter
1306 2141 1448 2215 quoque

485 2220 662 2295 febrientis
680 2224 702 2294 fi
721 2224 840 2296 durior
860 2221 982 2311 fuerit,
998 2247 1057 2318 per
1068 2248 1168 2296 anum
1185 2223 1305 2319 injecla
1319 2251 1421 2298 manu
1432 2261 1457 2316 ,-

485 2330 612 2405 stercus
632 2335 877 2423 extrahatur,a
900 2332 979 2405 cibo
1002 2332 1163 2413 abllineat
1175 2388 1190 2424 ,
1215 2335 1447 2431 pauciffimum
1478 2357 1481 2368 ·

483 2459 605 2534 potum
630 2468 690 2539 per
707 2442 888 2516 intervalla
908 2436 1091 2539 suscipiat,
1116 2443 1156 2515 &
1181 2445 1317 2516 undum
1346 2443 1452 2538 supra»

483 2549 610 2646 scripto
631 2554 873 2643 medicamine,
895 2554 1025 2650 diuque
1048 2552 1227 2640 fricatum,
1243 2553 1325 2625 loco
1346 2551 1446 2623 stabit

483 2662 595 2734 calido
611 2664 704 2736 horis
716 2665 822 2737 tribus
841 2681 899 2733 aut
920 2679 1067 2757 quatuor
1089 2678 1317 2753 coopertum,
1329 2658 1452 2754 postea

482 2775 527 2845 ad
557 2774 797 2847 ambulandum
828 2772 1063 2868 producetur,
1085 2768 1346 2843 nihilominus
1336 2791 1449 2894 navo-l

481 2880 606 2955 lutum.

531 2992 699 3065 XXXVI.
719 2991 754 3065 si
773 2990 912 3088 quando
934 3014 978 3063 ex
994 2988 1142 3064 vulnere
1154 2988 1271 3088 aliquo
1285 2990 1347 3065 vel
1362 2991 1450 3090 ssip-

481 3102 663 3200 putatione
682 3104 752 3175 oris
767 3120 825 3176 aut
842 3101 988 3175 faucium
1008 3099 1154 3197 nascitur
1165 3100 1289 3191 febris,
1303 3103 1345 3174 de
1358 3123 1450 3176 tem·

480 3212 647 3309 poribus,
669 3239 822 3289 necnon
843 3213 1008 3306 etiamde
1020 3213 1143 3310 palato·
1156 3211 1377 3286 detrahendus
1394 3210 1449 3287 etl

481 3324 621 3421 sanguis.
644 3327 702 3399 De
718 3326 863 3399 maxillis
881 3349 1020 3424 quoque
1033 3325 1103 3424 sive
1116 3325 1158 3397 de
1177 3324 1333 3410 cervice,
1347 3326 1449 3399 &ad

481 3435 687 3529 pollremum
706 3434 905 3532 quicunque
917 3431 1190 3507 locus‘febrienti
1211 3432 1379 3522 doluerit,
1397 3458 1447 3505 ere
1516 3488 1521 3494 .

481 3542 603 3613 eodem
635 3568 712 3620 cum
741 3542 895 3618 mensura
920 3541 1114 3641 sanguinem
1137 3563 1276 3640 oportet
1305 3542 1447 3618 auferri.

480 3651 588 3743 Quod
612 3650 635 3721 fi
666 3651 779 3725 cibum
806 3651 940 3750 penitus
964 3649 1150 3748 respuerit,
1176 3652 1318 3728 farinam
1346 3679 1447 3751 aquae

480 3759 623 3833 mixtam
644 3760 687 3833 ad
707 3761 774 3836 cibi
787 3762 890 3836 instar
900 3761 1054 3837 faucibus
1070 3758 1142 3859 ejus
1158 3763 1324 3838 infundes.
1346 3765 1449 3837 Offas

480 3894 621 3968 quoque
641 3870 684 3942 de
709 3871 802 3966 pallo
821 3871 922 3948 facies
948 3872 1044 3969 justae
1063 3873 1321 3971 magnitudinis,
1337 3875 1375 3946 &
1394 3872 1443 3944 se·

481 3998 598 4073 ptenas
621 4005 698 4055 cum
720 3977 802 4051 oleo
821 3981 968 4080 digeres,
981 3996 1018 4053 ut
1031 3981 1134 4077 poffit
1150 3982 1270 4057 habere
1292 3977 1443 4050 substan·
1536 4001 1541 4012 ·

481 4084 575 4157 tiam.
587 4092 635 4159 lta
652 4086 967 4185 deniquefebrienti
989 4088 1166 4177 utilisest,
1181 4115 1225 4163 ex
1240 4108 1447 4186 quacunque·

481 4209 577 4290 parte
594 4194 753 4268 detractio
766 4195 931 4296 sanguinis
945 4195 1024 4288 fiat,
1037 4142 1291 4273 siconlideratis
1306 4191 1447 4272 viribus
1544 4239 1550 4248 ·

482 4301 637 4379 animalis
657 4307 809 4382 mensura
831 4306 991 4389 servetur.
1015 4331 1097 4386 nam
1118 4327 1159 4387 ut
1182 4304 1318 4384 emiffus
1335 4322 1457 4406 turo?

1162 4418 1244 4516 ΚΑ.
