3875 5759
436 859 448 892 f
582 776 1442 875 Lrss.111.rEssRUAR1US‚85

486 925 625 1028 demus,
640 932 746 1011 ualles
762 938 915 1013 humidas
934 939 991 1014 vel
1007 937 1147 1037 irriguas
1165 917 1253 1037 tipus
1276 937 1323 1014 est
1339 931 1465 1036 depu·'

485 1065 558 1118 tare
572 1046 743 1119 cannetist
756 1045 913 1145 li'frigida
928 1045 1024 1144 tegio
1039 1048 1105 1139 eli,
1120 1048 1204 1122 locis
1217 1047 1334 1120 mediis
1350 1037 1449 1119 inlli-

479 1153 708 1243 tuantur,sed
718 1155 821 1232 succo
834 1155 994 1229 villarum
1006 1154 1151 1231 subditis.
1167 1162 1256 1231 Inter
1270 1158 1343 1230 haec
1355 1156 1447 1254 aspa·

484 1286 647 1360 ragorum
661 1264 759 1336 etiam
772 1263 900 1337 semina
917 1263 1066 1362 spargere
1088 1266 1278 1362 possumus,
1292 1283 1329 1338 ut
1340 1266 1449 1339 mixta

485 1367 684 1460 nascantur,
698 1371 828 1467 quia&
850 1370 998 1468 asparagi
1013 1372 1191 1463 coluntur,
1207 1375 1244 1447 δι
1258 1374 1449 1445 incendun·
1555 1445 1558 1452 ,

484 1495 541 1550 tut
560 1503 714 1552 eomore
725 1534 737 1567 ,
751 1503 823 1578 quo
845 1505 973 1553 cannae.
992 1482 1057 1553 Sed
1078 1483 1189 1555 srsunt
1210 1482 1347 1578 antiqua
1369 1506 1450 1569 can·

485 1605 580 1671 neta,
596 1588 670 1688 hoe
681 1606 836 1684 tempore
849 1589 1049 1670 sarrientur,
1063 1592 1190 1679 recisas,
1200 1616 1275 1685 quae
1289 1591 1323 1659 in
1338 1591 1449 1661 radice

485 1696 655 1791 purganda
673 1696 770 1785 sunt,
786 1696 906 1783 idest,
923 1697 1098 1789 putribus,
1112 1697 1200 1767 male
1216 1695 1395 1792 porredlis,
1411 1697 1456 1769 δι’

484 1804 592 1900 fi'qua
605 1805 765 1902 gignendi
785 1803 908 1875 oculos
926 1824 999 1873 non
1018 1804 1200 1880 habebunt.
1223 1806 1325 1879 Nunc
1343 1802 1452 1878 salicis

483 1913 635 2009 plantas,
653 1916 692 1984 δι
711 1909 873 1984 omnium¹
886 1909 1070 2009 generum,
1086 1937 1164 2011 quae
1182 1911 1323 1986 arbusto
1338 1910 1450 2009 appli-

486 2020 605 2091 candae
619 2017 722 2111 sunt,
742 2018 801 2090 uel
822 2016 984 2116 genestae,
1004 2018 1086 2118 (ubi
1105 2018 1229 2120 deerit)
1251 2020 1451 2094 obruemur.-
1564 2102 1567 2110 ,

485 2132 539 2199 Ex
564 2127 682 2202 baccls't
696 2125 795 2201 etim
825 2127 933 2227 myrti
959 2132 999 2204 &
1016 2119 1122 2220 lauri,
1143 2131 1319 2205 seminaria
1340 2129 1449 2207 faciee

483 2247 579 2321 mus',
594 2237 651 2309 vel
663 2236 698 2308 li
716 2236 866 2329 fuerant,
887 2241 1097 2315 ercolemus.

500 2377 502 2382 ·
531 2353 662 2423 XXIV.
691 2350 792 2422 Circa
815 2352 895 2422 ldus
918 2350 1111 2421 Februarias
1137 2347 1238 2443 saepes
1265 2349 1448 2420 hortorum

482 2485 524 2531 ex
547 2458 709 2556 congesto
730 2458 766 2529 in
788 2458 927 2530 funibus
950 2456 1120 2549 spinarum
1141 2455 1264 2526 semine
1284 2454 1449 2540 faciendae

482 2565 615 2665 [sunt,]
635 2565 719 2636 ficut
732 2563 860 2635 diuum
881 2559 946 2637 est,
961 2559 1097 2630 cum'de
1120 2555 1304 2630 munimine
1324 2562 1448 2655 loque-

482 2699 596 2749 remur
616 2674 816 2758 hortorum.v
826 2675 910 2739 ltem
925 2667 1042 2741 Graeci
1059 2667 1237 2760 dieuntde
1256 2669 1358 2742 craffa
1372 2668 1452 2741 rubi

484 2779 582 2877 virga
601 2777 675 2850 lieri
686 2779 807 2851 debere
825 2776 1009 2874 particulas
1015 2781 1079 2866 5&
1092 2778 1297 2875 palmaribus
1316 2778 1449 2878 serpbi·

482 2888 546 2961 bus
569 2886 692 2973 obrui,
712 2888 751 2961 δι
769 2885 946 2985 quotidie,
957 2888 1072 2962 donec
1082 2888 1281 2980 frondeant,
1299 2888 1449 2964 foffione

481 2997 521 3070 &
541 2995 710 3094 rigatione
725 2995 860 3071 nutriri.
882 2996 962 3069 Hoc
978 2996 1090 3070 mense
1107 2996 1233 3085 ladiuca
1248 2997 1386 3088 seritur,
1407 3001 1453 3094 u't,

480 3108 581 3204 pollrt
594 3106 702 3204 Aprili
715 3104 1038 3192 mensetransferri,
1050 3111 1132 3180 ltem
1149 3109 1294 3180 carduus
1307 3106 1447 3197 feritur;

482 3222 520 3292 δι
544 3218 762 3307 nasturtium,
783 3219 830 3291 δι’
848 3217 1087 3306 coriandrum,
1112 3220 1151 3291 δι
1173 3243 1342 3313 papaver,
1362 3219 1446 3293 stcut

481 3328 592 3400 mense
614 3324 833 3414 Novembri,
854 3324 1026 3398 &allium
1043 3328 1082 3398 δι
1094 3326 1257 3422 ulpicum.
1272 3328 1375 3400 Nunc
1395 3325 1447 3399 sa·

482 3438 588 3533 tureja
621 3435 748 3509 seritur.
769 3435 887 3533 pingui
920 3459 1032 3534 agro„
1050 3453 1128 3506 'non
1154 3436 1365 3527 stercorato,
1389 3436 1452 3510 sed

482 3548 621 3642 apric0,
637 3545 696 3617 vel
709 3545 828 3617 melius
847 3544 928 3664 tpari
946 3544 1128 3641 proximo,
1141 3546 1179 3619 δι
1202 3552 1307 3635 [cum]
1327 3547 1450 3640 cepul-¹

482 3657 522 3729 lis
537 3655 643 3727 mixta
665 3652 855 3725 seminatur.
874 3655 954 3726 Hoc
969 3654 1070 3725 etiam
1093 3653 1205 3725 mense
1224 3652 1373 3750 cepullas
1395 3651 1448 3730 se·.

482 3791 533 3837 res
547 3795 556 3838 :
570 3767 624 3838 sed
641 3763 828 3839 constat&
845 3790 926 3839 vere
946 3767 985 3838 δι
1002 3765 1184 3846 ειιᾶυωηο
1201 3764 1265 3838 effe
1280 3764 1448 3836 seminan-

483 3878 549 3947 das.
573 3876 598 3946 st
617 3876 730 3948 semen
745 3874 817 3970 ejus
837 3876 981 3966 severis,
998 3875 1034 3946 in
1054 3891 1156 3969 caput
1169 3873 1305 3961 crescit,
1325 3872 1364 3943 δι
1381 3869 1448 3941 mi·

483 4010 548 4056 nus
573 3977 681 4057 reddit
703 3985 741 4056 in
765 3983 909 4060 semine:
931 3987 955 4059 sr
975 3984 1161 4082 capitulum
1187 4004 1316 4086 ponas,
1337 3979 1446 4075 ipsum

483 4091 660 4181 maceseit,
681 4097 720 4168 δι
742 4095 1025 4170 multumsemen
1045 4094 1169 4168 educit.
1192 4097 1334 4165 Terram
1354 4116 1447 4187 eepae

486 4204 670 4276 defidetant
696 4203 884 4301 pinguem,
908 4207 1127 4283 vehementer
1155 4199 1342 4378 supebiam,
1368 4198 1448 4272 irri-

1239 4331 1256 4402 3
