3875 5759
1371 888 1431 962 131

533 1109 1382 1207 anunnullnualnn
1532 1223 1535 1228 Ι

532 1326 1344 1432 'anun1AEM1L1nu1

480 1687 1443 1993 Renueulcn

798 2090 1031 2164 nni
1086 2094 1130 2167 v.

684 2338 1237 2369 mm*

481 2574 508 2645 1.
537 2512 707 2647 Anam
726 2571 838 2644 nense
857 2570 893 2643 in
915 2570 1026 2658 anis,
1045 2593 1126 2665 quas
1146 2592 1244 2660 ante,
1263 2569 1345 2648 ficut
1357 2574 1448 2649 dixi-

463 2691 579 2780 ¹naua,
605 2678 817 2775 praeparaui,
841 2678 975 2749 Medica
1004 2678 1141 2747 serenda
1165 2678 1223 2749 est.
1248 2701 1324 2774 quae
1349 2683 1449 2755 semel

483 2788 626 2874 seritur,
643 2788 759 2856 decem
782 2779 879 2855 annis
898 2801 1093 2879 permanet,
1111 2781 1157 2856 ita
1180 2803 1218 2857 ut
1243 2806 1362 2886 quater
1390 2793 1449 2865 vel

485 2893 591 2969 sexies
612 2892 711 2989 poffit
739 2917 950 2988 perannum
978 2893 1097 2967 recidi.
1124 2918 1239 2992 agrum
1264 2894 1449 2994 stercorat,

485 3028 597 3079 macra
619 3003 774 3076 animalia
794 3002 919 3087 reficit,
935 3019 1029 3077 curat
1049 3023 1185 3103 agnota.
1206 3003 1357 3104 jugerum
1375 3009 1450 3107 ejus

485 3134 564 3189 toto
579 3140 671 3187 anno
684 3115 791 3189 tribus
807 3114 903 3213 equis
915 3115 1048 3188 abunde
1065 3113 1196 3188 sufficit'.
1219 3112 1347 3215 Singuli
1363 3144 1448 3221 eya.

486 3224 537 3297 thi
560 3223 693 3297 seminis
717 3242 888 3321 occupant
915 3222 1032 3296 locum
1055 3223 1159 3297 latum
1182 3224 1321 3319 pedibus
1347 3232 1451 3325 quin.

486 3361 572 3434 que,
592 3338 731 3432 longum
754 3336 896 3430 pedibus
918 3336 1044 3407 decem.
1066 3334 1131 3405 Sed
1150 3358 1234 3406 mox
1253 3334 1372 3435 ligneis
1394 3367 1450 3414 ra.

488 3446 589 3517 stellis
610 3445 800 3518 obruantur
813 3440 896 3534 jada
910 3440 1058 3530 semina,
1073 3439 1150 3546 quia
1163 3443 1232 3517 sole
1247 3445 1346 3520 citius
1358 3477 1451 3525 com·

488 3557 668 3629 buruntur.
682 3549 766 3625 'Post
779 3550 942 3623 sationem
962 3545 1056 3622 ferro
1071 3551 1187 3625 locum
1206 3557 1299 3655 tangi
1317 3584 1389 3631 non
1411 3562 1453 3633 li·
1520 3602 1524 3612 .

490 3682 564 3752 cet,
578 3660 634 3733 sed
654 3659 761 3731 rastris
781 3658 899 3759 ligneis
912 3657 1106 3756 frequenter
1125 3658 1226 3734 herba
1247 3667 1471 3755 mundemus

491 3796 535 3845 ne
552 3787 702 3843 teneram
717 3769 881 3841 Medicam
895 3759 1035 3863 premat'.
1049 3766 1158 3839 Prima
1176 3761 1284 3841 meffis
1296 3766 1367 3866 ejus
1381 3792 1452 3846 tar·

492 3883 566 3957 dius
592 3880 678 3969 fiet,
702 3899 740 3953 ut
763 3880 971 3977 aliquantum
994 3877 1110 3968 'semen
1139 3879 1308 3955 excutian
1332 3903 1453 3958 ceterae

493 4019 581 4068 veto
598 3990 735 4082 messes,
748 4015 849 4089 quam
865 3989 1018 4063 volueris
1032 3990 1103 4061 cito
1115 4011 1334 4087 peragantur,
1348 3998 1385 4068 δι
1399 3990 1454 4088 ju·

494 4100 617 4173 mentis
640 4102 863 4195 praebeantur.
883 4099 946 4170 Sed
974 4097 1086 4195 primo
1113 4099 1245 4193 parcius
1274 4102 1454 4195 prebenda

495 4210 542 4281 est
558 4208 696 4280 novitas
712 4207 823 4303 pabuli
839 4233 857 4292 ε,
871 4206 964 4281 inflat
977 4209 1089 4295 enim,
1104 4211 1141 4284 &
1158 4210 1301 4282 multum
1322 4207 1454 4312 sangui=

488 4337 578 4404 nem!
596 4337 697 4392 creat.
719 4314 951 4392 Ubisecueris
962 4370 975 4410 ,
1000 4316 1117 4416 sapius
1134 4318 1209 4416 riga.
1236 4317 1311 4412 post
1325 4304 1458 4418 paucus⁸

1202 4428 1216 4496 1
1242 4454 1261 4501 2
