3875 5759
559 857 630 952 25⁶
705 819 1083 977 ,vacasti
1132 847 1259 928 tiu.
1310 853 1336 925 t.

547 1033 611 1096 dra
629 1041 670 1091 ac
687 1014 832 1105 sinistra,
847 1012 905 1086 ubi
924 1012 1096 1087 brachiola
1117 1012 1394 1111 coniunguntur,
1408 1011 1446 1088 δι
1458 1012 1517 1085 lla·

556 1153 642 1205 xura
662 1124 721 1216 fit,
738 1151 815 1216 cum
839 1148 950 1195 armus
976 1123 1126 1220 plicatur.
1147 1126 1283 1217 Quibus
1306 1126 1440 1224 quidem
1465 1153 1517 1197 ar·

555 1261 632 1313 mus
652 1235 700 1309 cll
712 1236 752 1307 in
773 1231 894 1321 causa,
913 1233 955 1305 de
970 1233 1151 1308 brachiolis
1177 1232 1310 1331 sanguis
1330 1235 1517 1308 minuatur:

555 1375 635 1447 quae
654 1370 752 1419 venae
773 1342 890 1441 pofitae
909 1342 987 1417 sunt
1004 1344 1168 1436 interius,
1195 1346 1253 1417 ubi
1277 1347 1459 1436 centuriae,
1484 1347 1519 1419 id

554 1459 624 1547 est,
638 1455 782 1529 musculi
798 1455 1026 1528 brachiolares
1045 1456 1143 1546 sunt,
1164 1458 1220 1528 sex
1244 1456 1355 1554 digitis
1371 1460 1518 1555 superius

555 1592 658 1665 quam
672 1590 760 1663 genu
772 1620 783 1652 ,
796 1564 902 1638 tribus
915 1567 974 1639 vel
988 1566 1122 1639 duobus
1140 1567 1251 1665 digitis
1266 1568 1404 1653 inferius
1418 1594 1519 1666 quam

555 1676 729 1750 centuriae.
749 1676 812 1748 Ha
834 1699 933 1748 venae
950 1674 1066 1774 sagitta
1080 1678 1311 1771 percutiantur
1327 1731 1338 1767 ,
1353 1679 1407 1749 sed
1423 1697 1521 1749 caute

555 1785 773 1883 modesteque
790 1803 987 1882 tangantur,
1010 1803 1149 1886 propter
1163 1784 1368 1858 debilitatem
1391 1787 1523 1857 anima·

556 1894 620 1983 lis;
633 1894 714 1992 quia
733 1895 787 1967 bae
800 1894 996 1968 commixta
1015 1893 1089 1965 sunt
1108 1894 1231 1970 nervis.
1251 1896 1386 1989 Quibus
1408 1917 1520 1967 autem

555 2005 691 2079 articuli
709 2003 744 2076 in
758 2004 853 2078 causa
873 2022 998 2091 erunt,
1020 2004 1076 2075 vel
1090 2004 1113 2075 sr
1128 2004 1286 2077 articulus
1305 2004 1444 2075 insertus
1463 2006 1521 2080 vel

556 2113 707 2189 intortus
728 2113 847 2200 fuerit,
864 2114 922 2185 vel
936 2114 1094 2208 aquatilia
1116 2115 1361 2204 babuerit‚'vel
1385 2114 1522 2211 quidvis

518 2260 524 2279 ·
556 2224 665 2297 simile
689 2223 724 2293 in
748 2222 898 2295 articulis
921 2222 1193 2319 contigeritsde
1217 2225 1368 2300 subcirro
1391 2224 1523 2322 sanguis

557 2330 704 2404 subtrahi
718 2332 836 2402 debet:
851 2354 926 2426 quae
945 2353 1041 2401 venae
1054 2331 1169 2427 polita
1185 2334 1258 2405 sum
1272 2329 1408 2406 inferius
1422 2359 1523 2430 quam

557 2439 695 2513 articuli
714 2438 823 2511 tribus
842 2436 954 2536 digitis
975 2439 1035 2511 sub
1052 2464 1228 2512 coronam.
1240 2465 1317 2538 quae
1334 2467 1430 2513 venae
1445 2467 1523 2514 cum

556 2549 685 2623 summa
710 2549 839 2623 cautela
870 2549 1043 2645 tangendae
1071 2548 1171 2638 sunt,
1196 2548 1274 2647 quia
1300 2549 1524 2622 articulorum

556 2655 749 2751 con'urnslae
771 2656 847 2729 sunt
861 2656 988 2731 nervis.
1013 2657 1180 2733 Crcciaco
1203 2656 1302 2732 velfi
1324 2656 1426 2729 basim
1445 2682 1524 2730 mo·

558 2741 653 2837 ueris
665 2821 676 2851 ‚
696 2764 738 2836 de
758 2765 900 2839 coronis
923 2766 1020 2839 redis
1041 2765 1172 2840 tollitur
1193 2764 1334 2864 sanguis.

606 2874 739 2947 XXVI.
769 2874 909 2966 Quibus
938 2889 1048 2946 autent
1072 2870 1233 2968 jumentis
1256 2874 1312 2947 vel
1338 2864 1524 2946 suffusionis

368 3017 370 3024 ·
466 3029 470 3042 «
558 2980 676 3069 vitiu,
699 2982 757 3052 vel
769 3008 829 3077 per
851 2984 1065 3057 voluntatem
1087 2989 1280 3070 excruciata
1303 2989 1432 3086 ungula
1448 2986 1523 3058 stre·

556 3087 624 3173 rit,
640 3085 698 3157 vel
710 3088 832 3181 quibus
848 3110 1016 3163 remorata
1039 3092 1122 3165 basis
1138 3096 1234 3192 longi
1249 3100 1412 3191 temporis
1434 3099 1524 3169 clau·
1587 3143 1590 3148 ·

498 3205 500 3207 ’
558 3195 707 3291 diginem
719 3193 856 3287 fecerit,
872 3196 1036 3291 ejusmodi
1051 3203 1227 3274 curatione
1242 3205 1407 3277 sanantur.
1418 3210 1525 3278 Com·

555 3304 662 3402 ponis
680 3328 817 3378 omnem
836 3308 994 3407 ungulam
1012 3311 1101 3407 quasi
1120 3312 1161 3384 ad
1182 3313 1328 3400 vivum,
1344 3315 1527 3409 allidesque

558 3415 735 3488 visantum
747 3470 763 3524 ὃ
773 3416 853 3490 binc
867 3417 1078 3516 suffraginem
1094 3419 1184 3493 illius
1197 3420 1361 3518 alligatam
1377 3422 1450 3493 lino
1465 3449 1527 3495 ve·

557 3524 733 3597 hementer
752 3524 911 3625 stringes,
936 3548 1117 3628 totumque
1143 3532 1237 3603 simul
1257 3532 1389 3627 ungulae
1414 3531 1524 3605 solum

560 3633 597 3706 in
613 3632 760 3707 circuitu
774 3634 1003 3731 scalpelletur,
1014 3640 1052 3712 δι
1066 3638 1333 3736 circumgyrabis
1347 3693 1358 3729 ,
1372 3663 1409 3710 ut
1425 3664 1442 3710 a
1461 3664 1523 3710 co·

468 3834 473 3843 ,
559 3768 647 3817 rona
667 3745 793 3843 ungula
810 3745 1001 3819 sublevetur
1017 3773 1060 3819 ex
1081 3768 1190 3848 parte,
1209 3750 1290 3819 tunc
1306 3747 1549 3826 circumciso·.

559 3856 651 3928 sium
670 3854 793 3929 inferes
814 3857 901 3930 inter
921 3882 1070 3954 unguem
1084 3858 1121 3930 ὃ(
1142 3855 1267 3943 solum,
1284 3858 1321 3928 δι
1340 3884 1415 3929 cum
1438 3859 1527 3930 bene

560 3967 836 4065 elimpidaveris‚
861 3968 1071 4066 suffraginem
1093 3965 1220 4055 solvis,
1241 3970 1279 4040 &
1304 3968 1456 4039 invenies
1481 3972 1526 4042 de

561 4078 725 4152 calcaneo
744 4103 849 4151 venas
869 4078 996 4166 fluere,
1011 4080 1049 4152 δι
1065 4102 1143 4149 cum
1161 4076 1363 4149 sufficienter
1380 4076 1526 4151 effluxe‘·

493 4262 502 4270 ,
561 4183 1526 4282 ritcruor,saleperfricabis‚polleaaceto&oleoinun·

564 4317 641 4391 ges,
657 4300 695 4374 ἃ
721 4294 870 4376 linteolis
896 4294 1028 4370 munies
1048 4294 1234 4395 diligenter.
1257 4294 1424 4393 Sparciam
1452 4297 1525 4369 cal·
