3875 5759
599 899 732 973 Att‘rts
759 898 973 973 VETERIN.
998 899 1101 974 SIVE
1126 901 1312 978 MULOM.
1370 927 1436 1004 395

483 1054 566 1154 petit
586 1080 696 1152 neque
715 1074 855 1151 potum,
875 1080 952 1129 cum
981 1053 1160 1128 excitatum
1181 1027 1307 1146 fuerit,
1329 1062 1444 1134 conti·

483 1189 555 1236 nuo
568 1182 780 1259 aggravatur,
793 1167 829 1237 δι
840 1163 872 1236 se
884 1162 1036 1259 projicit,
1047 1166 1084 1236 &
1095 1167 1264 1252 macescit,
1275 1171 1313 1242 δι
1327 1196 1443 1266 quam.

482 1300 617 1368 cunque
640 1274 673 1345 ei
700 1273 830 1346 dederis
858 1276 1063 1369 potionem,
1087 1294 1246 1370 tanquam
1270 1280 1443 1354 dormiens

480 1383 540 1456 vix
556 1380 703 1478 suscipit.
721 1382 815 1480 quod
832 1383 894 1455 hac
914 1384 1045 1455 ratione
1060 1383 1213 1456 curabis:
1230 1384 1442 1460 Sublletnito

480 1492 516 1566 in
538 1492 690 1580 stabulo,
704 1493 764 1564 ubi
781 1494 864 1582 slat,
877 1513 913 1565 ut
935 1495 1025 1566 bibat
1040 1494 1098 1566 ibi.
1117 1497 1173 1568 cui
1194 1517 1295 1591 caput
1312 1496 1444 1570 fomen-

482 1606 567 1678 tabis
591 1631 634 1677 ex
656 1607 760 1679 calida
782 1607 919 1704 pulegio
943 1607 1102 1694 decocta,
1120 1606 1338 1702 postmodum
1364 1633 1445 1704 per·

481 1741 587 1813 unges
606 1719 688 1789 oleo
711 1744 787 1791 cum
805 1717 924 1790 adarce
947 1718 1052 1803 trito,
1067 1716 1112 1787 ita
1134 1735 1172 1787 ut
1194 1735 1292 1811 caput
1312 1715 1444 1809 ejus&

483 1852 578 1900 autes
592 1828 768 1916 infundas,
782 1854 820 1901 ea
838 1828 955 1900 usurus
968 1825 1113 1919 potione
1127 1851 1136 1895 ε
1149 1825 1387 1896 Camomillam
1402 1828 1445 1899 ll·

482 1937 647 2035 lyricam,
663 1938 773 2037 (idem
798 1963 861 2010 nos
881 1935 993 2031 trace)
1019 1937 1056 2006 δι
1078 1934 1215 2007 herbam
1232 1935 1443 2007 Artemisiam

479 2050 515 2122 in
537 2075 622 2143 aqua
638 2048 821 2142 decoquis,
836 2071 879 2117 ex
894 2072 959 2143 qua
978 2044 1133 2141 quotidie
1156 2046 1187 2117 ei
1201 2045 1295 2118 binas
1309 2044 1445 2142 cotylas

482 2156 693 2252 propinabis.
706 2155 772 2225 Cui
794 2157 831 2225 δι
846 2156 946 2249 pedes
962 2153 1091 2248 priores
1105 2152 1299 2252 frequenter
1311 2151 1446 2227 fomen-

481 2266 567 2337 tabis
581 2266 696 2338 calida.
709 2265 802 2337 Solet
816 2265 905 2336 enim
922 2264 995 2337 haec
1012 2265 1114 2362 pallio
1132 2267 1318 2340 adstrictius
1332 2268 1373 2339 ad
1389 2291 1444 2338 re·

482 2377 571 2449 &um
594 2377 712 2472 pedem
728 2375 933 2474 contingere.
951 2375 1007 2450 Est
1018 2376 1151 2473 quidem
1167 2377 1356 2473 periculosa
1372 2375 1445 2471 pas·

481 2484 531 2555 sto
551 2503 650 2581 atque
668 2487 808 2560 curatio.
832 2487 925 2581 cujus
946 2487 1005 2558 ista
1023 2487 1098 2557 sunt
1121 2487 1209 2582 signa
1225 2514 1233 2558 ε
1250 2487 1356 2559 Oculi
1372 2485 1444 2576 eius

480 2594 719 2684 lacrimabunt‚
736 2599 825 2693 quasr
841 2589 1008 2692 lippiunt,
1026 2598 1061 2665 in
1076 2597 1239 2691 praesepio
1256 2596 1444 2668 dormitans

480 2703 671 2793 incumbit,
695 2705 971 2797 apollerioribus
995 2704 1166 2774 ambulans
1191 2725 1306 2792 nutat,
1325 2708 1362 2778 &
1385 2724 1444 2773 to-

481 2835 552 2887 tum
576 2833 743 2910 gravatur.
775 2815 841 2886 Cui
873 2813 1067 2910 sanguinem
1100 2814 1251 2885 detrahes
1288 2816 1329 2886 de
1359 2815 1444 2910 pede

481 2926 588 3024 priori
607 2925 753 3012 dextro,
774 2927 812 2998 δι
833 2925 875 2998 de
896 2923 1026 2998 femore
1040 2923 1170 2997 stnillro
1183 2952 1192 2997 ε
1205 2951 1246 2997 ex
1268 2951 1341 3023 quo
1364 2952 1443 3000 eum

482 3059 655 3131 perunges.
676 3035 821 3106 Herbam
850 3032 1060 3105 Artemisiam
1082 3037 1298 3123 contundes,
1320 3039 1357 3107 δι
1377 3035 1444 3108 cri·

481 3147 608 3217 bratam
628 3143 721 3217 dabis
742 3168 820 3215 cum
839 3142 953 3215 lixivii
977 3142 1143 3233 ferrario,
1157 3144 1195 3215 δι
1218 3142 1287 3213 olei
1311 3142 1445 3240 cyathis
1558 3204 1575 3224 ,,

482 3253 640 3340 duobus,
656 3278 715 3349 per
729 3251 887 3325 triduum.
908 3271 1027 3349 quarta
1039 3252 1092 3325 die
1108 3251 1319 3325 intermittet.
1335 3253 1445 3345 Quod

481 3362 503 3433 fi
527 3360 652 3432 cibaria
673 3384 749 3431 non·
769 3359 921 3455 appetit,
943 3383 1063 3431 ervum
1094 3359 1265 3431 mollitum
1292 3385 1333 3429 ex
1361 3384 1445 3456 aqua

481 3471 593 3563 tepida
613 3470 807 3565 [comedam
823 3469 861 3540 δι
879 3467 1025 3564 aquam]
1049 3468 1151 3541 bibat.
1171 3468 1205 3540 Si
1223 3470 1336 3540 minus
1359 3492 1444 3563 pro·

484 3577 621 3662 lecerit,
639 3577 699 3648 lini
722 3575 832 3646 lemen
851 3598 928 3645 cum
953 3598 1037 3666 aqua
1058 3574 1093 3644 in
1115 3575 1183 3645 olla
1201 3576 1391 3673 decoquas,
1406 3579 1445 3651 &

483 3686 633 3757 heminas
651 3684 790 3781 fingulas
804 3707 862 3778 per
876 3682 946 3755 dies
968 3682 1114 3777 srngulos
1129 3685 1221 3758 dabis
1242 3688 1285 3759 ad
1307 3710 1417 3758 cornu
1431 3738 1444 3773 ,

483 3798 599 3869 addito
622 3796 741 3884 melle,
763 3801 924 3892 quantum
944 3794 1092 3868 sufficiat.
1113 3820 1190 3894 quae
1215 3797 1314 3893 potio
1341 3796 1443 3867 etiam

486 3905 754 3980 febricitantibus
782 3906 926 4002 prodell.
952 3905 1186 4003 Lethargicum
1215 3907 1339 3979 animal
1372 3904 1443 3978 fre·

484 4018 601 4114 quenti
621 4017 864 4092 exercitatione
891 4016 1165 4114 prohibendum,
1190 4016 1318 4092 constat
1339 4043 1357 4089 a
1383 4016 1443 4090 so·

484 4153 579 4202 mno.
600 4130 735 4202 Affidua
756 4152 893 4226 quoque
912 4127 1114 4225 injungenda
1123 4128 1169 4201 est
1189 4127 1442 4221 deambulatio,

485 4235 511 4307 sa
532 4233 715 4307 anteriores
735 4236 834 4329 pedes
854 4232 923 4327 ejus
947 4235 1074 4308 miletis
1090 4233 1125 4305 in
1147 4232 1348 4309 fomentum.
1362 4261 1441 4314 nam

483 4342 628 4421 furfures
644 4342 709 4420 sale
724 4347 762 4423 &
781 4363 878 4422 aceto
896 4345 1091 4446 permisces,
1105 4348 1143 4424 &
1162 4345 1307 4421 calentes
1328 4371 1438 4448 ungu-
