3875 5759
480 924 1345 1019 m PALLnD11RUTlLH

485 1113 558 1164 rara
572 1088 610 1160 δι
627 1083 813 1167 transversa
833 1085 997 1181 virgulta,
1013 1084 1104 1158 sedes
1117 1106 1203 1160 tutas
1224 1092 1443 1186 apibus·prae·'

403 1245 411 1255 -
482 1200 594 1274 bituta
605 1221 711 1284 ,cum
730 1196 850 1270 sitient.
871 1196 936 1266 Sed
957 1196 1001 1267 ab
1016 1196 1067 1268 his
1085 1197 1196 1290 apium
1210 1202 1329 1273 castris
1342 1202 1444 1296 longe
1528 1257 1532 1262 .

483 1310 549 1382 sint
572 1306 689 1379 omnia
707 1306 825 1379 odoris
846 1304 1192 1395 horrendi,balneae,
1208 1307 1356 1397 llab‘ula,
1381 1334 1444 1382 co·

483 1416 600 1514 quina
627 1414 763 1488 fusoria.
792 1420 955 1512 Fugemus
983 1436 1141 1511 praeterea
1166 1416 1342 1507 animalia,
1369 1446 1446 1517 quae
1512 1471 1515 1475 -

485 1528 563 1600 sunt
579 1526 699 1622 apibus
712 1526 864 1613 inimica,
878 1527 1041 1614 lacertos,
1055 1528 1192 1614 blattas,
1207 1516 1305 1601 &bis
1320 1526 1447 1611 fimilia.

485 1640 580 1709 Aves
595 1634 695 1705 etiam
709 1634 879 1729 pannis&
893 1634 1105 1729 crepitaculis
1127 1656 1319 1707 terreamus.
1340 1637 1446 1709 Purus

484 1745 599 1821 custos
622 1744 781 1842 frequens
809 1749 850 1820 bc
876 1746 983 1820 castus
1007 1746 1168 1834 accedat,
1197 1745 1321 1820 habens
1352 1770 1447 1817 nova

485 1854 635 1928 alvearia
652 1870 864 1949 preparata,
890 1854 1014 1951 quibus
1042 1853 1229 1949 excipiatur
1254 1851 1447 1925 examinum

487 1966 579 2041 rudis
594 1964 762 2058 juventus.
785 1963 921 2035 Vitatur
940 1965 1030 2037 odor
1048 1964 1141 2038 coeni
1153 1968 1350 2053 ,becancer
1362 1964 1448 2034 adu-

486 2076 576 2163 llus,
590 2078 627 2151 δι
639 2073 757 2160 locus,
772 2072 831 2171 qui
854 2073 896 2145 ad
908 2075 1084 2144 humanam
1102 2098 1226 2146 vocem
1239 2072 1318 2144 salsa
1335 2069 1449 2151 imita·

487 2182 584 2254 tione
597 2182 788 2277 respondet.
808 2180 926 2252 Absint
939 2183 976 2253 &
989 2180 1122 2270 herbae,
1135 2181 1360 2277 tithymallus,
1375 2180 1450 2251 bel-

456 2329 460 2335 ·
486 2292 666 2379 lehunum,
678 2285 823 2383 thapsia,
837 2285 1062 2375 absinthium,
1077 2290 1228 2377 cucumis
1244 2290 1397 2385 agrestis,
1412 2293 1451 2362 &

488 2401 603 2477 omnis
616 2398 804 2470 amaritudo
820 2392 1194 2469 conficiendae'advetsa
1210 2398 1392 2471 dulcedini.

539 2510 736 2583 XXXVlll.
760 2506 918 2580 Alvearia
946 2506 1094 2577 meliora·
1111 2505 1208 2595 sunt,
1232 2532 1308 2602 quae
1331 2527 1451 2580 cortex
1490 2536 1493 2540 ¹

489 2617 652 2701 formabit
675 2640 787 2712 raptus
810 2640 851 2688 ex
875 2614 1013 2712 subere,
1031 2612 1110 2710 quia
1131 2636 1203 2683 non
1224 2609 1452 2688 transmistunt

489 2730 565 2801 vim
581 2729 718 2826 frigoris
731 2746 788 2800 aut
805 2727 939 2826 caloris.
956 2725 1095 2825 possunt
1105 2744 1217 2817 tamen
1230 2730 1267 2799 δι
1281 2753 1324 2798 ex
1337 2725 1452 2797 ferulis

475 2837 575 2912 lieri.
599 2839 622 2910 fi
646 2839 698 2910 hae
719 2836 842 2928 desint,
862 2836 995 2935 salignis
1015 2832 1198 2933 viminibus
1223 2834 1454 2927 fabricentur,

490 2949 550 3019 vel
567 2949 664 3042 ligno
687 2968 811 3018 cavatae
831 2949 961 3019 arboris
976 3001 987 3038 ,
1002 2966 1059 3019 aut
1074 2946 1213 3037 tabulis,
1230 2972 1324 3019 more
1348 2972 1453 3043 cupa-

491 3082 577 3128 rum.
598 3053 712 3125 finilia
725 3055 904 3126 deterrima
917 3056 1010 3148 sunt,
1022 3080 1097 3154 quae
1112 3060 1151 3132 &
1164 3058 1274 3130 hieme
1289 3058 1452 3154 gelantur,

493 3167 534 3237 &
550 3161 661 3234 aestate
674 3159 878 3236 fervescunt.
892 3167 955 3238 Sed
971 3167 1058 3239 inter
1071 3193 1110 3240 ea
1127 3169 1221 3257 loca,
1237 3193 1314 3263 quae
1331 3165 1454 3239 muniti

493 3268 616 3341 debere
637 3269 879 3365 praecepimus,
901 3272 1005 3366 podia
1027 3275 1130 3346 ternis
1151 3275 1218 3347 alta
1242 3275 1383 3369 pedibus
1403 3272 1454 3343 sa·

493 3378 670 3453 bricentur
690 3378 824 3451 indusla
846 3379 991 3452 testaceo
1006 3436 1017 3467 ‚
1031 3384 1074 3455 dc
1090 3381 1220 3453 albario
1243 3402 1347 3476 opere
1369 3379 1456 3474 levi·

495 3509 594 3593 gata,
615 3506 755 3583 propter
774 3488 977 3568 lacertorum
991 3510 1249 3587 ceterorumque
1262 3489 1455 3561 animalium

494 3623 646 3682 noxam,
667 3596 792 3694 quibus
810 3597 862 3692 ,est
884 3600 990 3675 moris
1011 3602 1184 3698 irrepere:
1207 3605 1245 3675 &
1267 3603 1362 3695 supra
1382 3604 1456 3673 haec

496 3710 600 3809 podia
617 3710 766 3803 alvearia
782 3711 1079 3801 collocentut,'ita
1098 3730 1136 3784 ut
1151 3736 1222 3782 non
1245 3712 1370 3808 possint
1389 3710 1456 3782 im·

488 3823 557 3899 bre
568 3820 753 3917 penetrari,
767 3819 916 3917 spatiolis
930 3823 1018 3894 intet
1031 3821 1062 3893 se
1076 3820 1265 3918 patentibus
1281 3822 1457 3916 segregata.

432 3958 439 3962 ‘⁴
494 3931 660 4033 Angustus
683 3947 795 4002 tamen
819 3932 926 4005 aditus
945 3931 1097 4005 admittat
1118 3932 1293 4015 examina,
1316 3946 1456 4021 propter

497 4042 689 4141 frigoris&
707 4041 829 4117 caloris
849 4042 1017 4136 injuriam.
1037 4044 1122 4115 Sane
1135 4044 1246 4116 ventis
1266 4036 1457 4134 frigidiori·

498 4151 562 4221 bus
582 4151 668 4224 altus
691 4150 800 4247 paries
821 4150 964 4241 refistat,
982 4149 1041 4247 qui
1063 4151 1176 4223 locum
1199 4149 1298 4246 possit
1315 4144 1457 4217 defensis

465 4278 470 4287 ·
499 4257 628 4329 sedibus
640 4261 800 4356 apricare.
822 4260 942 4331 Aditus
962 4282 1082 4332 omnes
1095 4260 1157 4340 soli
1171 4247 1390 4355 opponantur
1402 4255 1457 4326 hi·

500 4365 628 4459 berno,
641 4371 700 4466 qui
720 4359 757 4446 itt
778 4392 849 4446 uno
871 4369 999 4445 cortice
1019 4370 1090 4445 duo
1106 4369 1162 4447 vel
1182 4385 1248 4452 tres
1265 4366 1332 4468 elle
1353 4365 1457 4438 debe·
1520 4442 1522 4448 ,
