3875 5759
576 924 677 993 ura.
713 924 802 995 xri.
841 873 1300 1030 novemur-‚nx
1339 954 1405 1003 201
1521 966 1523 970 -

337 1161 339 1168 ,
461 1082 627 1177 adaquare
642 1082 795 1161 sufficiet.
812 1086 947 1156 Graecas
966 1108 1073 1173 oves,
1090 1081 1171 1157 sicut
1188 1083 1342 1175 Afianas,
1354 1086 1412 1159 vel

404 1289 406 1292 Ι
461 1192 678 1283 Tarentinas,
692 1192 798 1265 moris
817 1193 864 1265 est
877 1186 992 1287 potius
1008 1192 1138 1265 stabulo
1152 1194 1299 1283 nutrire,
1312 1220 1415 1290 quam

461 1301 805 1398 campo,&perrus1s
827 1301 949 1375 tabulis
968 1299 1097 1389 solum,
1112 1302 1232 1400 inquo
1254 1303 1415 1376 clauden-

460 1425 537 1495 tur,
559 1409 739 1484 inllernere
752 1440 761 1484 ε
776 1432 813 1483 ut
833 1410 878 1485 fic
904 1428 974 1482 tuta
996 1410 1143 1500 cubilia,
1163 1432 1303 1507 propter
1322 1410 1416 1504 inju-

459 1517 541 1587 riam
564 1517 698 1613 prerioli
717 1519 874 1608 velleris,
890 1519 1021 1592 -humor
1045 1522 1162 1594 reddat
1181 1520 1325 1595 elaberis.
1349 1521 1416 1595 Sed

459 1624 587 1716 tribus,
602 1651 662 1721 per
681 1653 805 1730 annum
825 1646 959 1716 totum,
975 1628 1091 1708 diebus
1114 1628 1232 1724 aprico
1252 1629 1305 1702 die
1326 1628 1415 1701 lotas

339 1748 343 1756 “
459 1759 545 1808 oves
566 1762 691 1835 ungere
708 1728 788 1810 oleo
808 1737 1004 1832 oportebit,
1023 1739 1061 1811 dt
1076 1735 1171 1809 vino.
1184 1735 1326 1829 Propter
1344 1735 1417 1809 ser·

457 1867 592 1943 pentes,
607 1852 665 1947 qui
684 1849 883 1948 plerumque
908 1850 967 1920 sub
987 1846 1190 1943 ptaesepibus
1210 1846 1335 1936 latent,
1357 1871 1416 1922 ce-
1460 1916 1462 1922 .

459 1957 584 2049 drum,
611 1960 669 2032 vel
694 1959 897 2055 galbanum,
918 1956 975 2027 vel
1000 1952 1156 2030 mulieris⁴
1172 1951 1337 2048 capillos,
1359 1974 1418 2030 aut
1506 1959 1508 1966 ’

456 2067 596 2139 cervina
610 2091 739 2138 cornua
755 2064 949 2159 frequenter
965 2087 1110 2136 uramus.
1132 2062 1235 2135 Nunc
1252 2061 1336 2137 hirci
1355 2066 1418 2139 ad·

384 2193 386 2198 ·
460 2174 614 2246 mittendi
633 2174 732 2264 sunt,
749 2191 787 2246 ut
809 2170 929 2250 foetum
952 2172 1052 2270 primi
1072 2172 1161 2244 veris
1179 2168 1300 2243 fovere
1315 2171 1417 2267 poffit

459 2301 608 2355 exortus.
628 2283 692 2354 Sed
704 2307 803 2378 caper
821 2269 992 2379 eligendus
1007 2280 1094 2377 [eth]
1113 2281 1169 2355 cui
1189 2280 1249 2353 sub
1271 2282 1418 2356 maxillis
1441 2361 1444 2366 ,
1469 2298 1471 2301 ’

459 2396 534 2466 duae
550 2393 708 2466 videntur
720 2394 866 2490 pendere
881 2394 1094 2481 verruculae,
1107 2392 1220 2491 magni
1238 2394 1416 2490 corporis,

458 2504 568 2577 craffis
592 2506 769 2593 cruribus,
793 2503 889 2578 brevi
910 2505 1076 2599 plenaque
1100 2502 1260 2592 cervice,
1281 2502 1417 2575 auribus

458 2612 550 2686 flexis
570 2614 607 2689 δι
622 2611 808 2710 gravibus,
829 2633 940 2703 parvo
962 2607 1095 2702 capite,
1108 2606 1242 2695 nitido,
1258 2605 1359 2702 spillo
1377 2611 1417 2684 δι’

430 2723 566 2832 ,longo
580 2722 716 2817 capillo.
735 2718 789 2790 Ad
799 2717 961 2788 ineundas
980 2712 1122 2787 feminas
1135 2715 1174 2786 δι
1185 2704 1262 2787 ante
1277 2716 1419 2791 annicu·
1437 2791 1442 2801 ,

358 2902 363 2909 .
458 2833 528 2905 lum
550 2853 742 2926 congruus,
757 2850 829 2897 non
851 2841 961 2914 autem
980 2824 1078 2895 durat
1097 2821 1183 2894 ultra
1204 2820 1417 2901 sexennium.

457 2936 595 3032 Capella
619 2933 733 3008 fimitis
750 2932 932 3029 corporis,
958 2931 1014 3005 sed
1039 2930 1166 3030 magnis
1188 2931 1344 3007 uberibus
1370 2934 1418 3009 est

459 3046 620 3146 eligenda.
635 3047 717 3118 Non
735 3033 844 3117 tam'en
859 3041 904 3116 ira
915 3042 1030 3115 multae
1050 3067 1178 3138 caprae,
1193 3062 1329 3118 utores
1346 3069 1417 3120 una

460 3159 601 3230 statione
623 3156 841 3244 claudamur,
855 3179 955 3252 quam
976 3154 1052 3227 luto
1074 3155 1111 3228 &
1134 3153 1280 3229 stercore
1301 3181 1416 3231 carere

461 3262 657 3338 conveniet.
676 3262 797 3334 Hoedis
820 3260 918 3358 supra
931 3262 1021 3336 laetis
1033 3262 1276 3338 ,abundantiam
1290 3319 1301 3353 ,
1315 3267 1416 3342 edera

459 3372 621 3446 &arbuti
640 3374 677 3447 &
697 3371 825 3445 lentisci
838 3371 1019 3447 ,cacumina
1040 3374 1114 3444 sunt
1127 3370 1211 3469 saepe
1225 3374 1415 3469 praehenda.

461 3484 595 3563 Trimae
611 3484 755 3553 educare
777 3479 905 3577 optime
930 3480 1089 3574 poliunt,
1112 3480 1207 3576 quod
1230 3481 1414 3556 teneriores

462 3611 582 3662 matres
600 3607 784 3686 generant,
801 3586 1044 3685 transigendum
1070 3588 1127 3661 est.
1151 3588 1207 3662 sed
1229 3590 1315 3664 ultra
1332 3591 1415 3665 obbo

461 3725 569 3773 annos
585 3700 753 3773 servandae
767 3723 838 3772 non
859 3698 934 3771 sunt
950 3697 1126 3787 matrices,
1138 3699 1216 3799 quia
1228 3724 1334 3799 genus
1345 3701 1414 3776 hoc
1498 3730 1503 3733 ·

461 3810 618 3906 longiore
634 3807 799 3883 sterilescit
814 3826 921 3882 etate.
945 3813 948 3819 '

508 3919 602 3990 XlV.
621 3916 699 3987 Hoc
712 3934 864 4011 tempore
884 3912 1012 4013 glandis
1025 3914 1173 4013 legendae
1188 3938 1228 3989 ac
1241 3911 1413 3988 servandae

462 4049 541 4097 cura
556 4024 777 4113 nos-excitem
797 4028 891 4123 quod
906 4050 994 4122 opus
1010 4025 1162 4100 femineis
1177 4051 1217 4099 ac
1231 4021 1412 4120 puerilibus

463 4135 574 4228 operis
596 4135 817 4209 celebrabitur
835 4136 931 4209 facile
952 4160 1048 4209 more
1068 4136 1257 4210 baccarum.
1374 4195 1386 4210 ,

513 4248 592 4327 XV.
613 4249 887 4440 Nuncoenpateries
912 4249 953 4322 ad
983 4247 1141 4322 fabricam
1163 4243 1319 4332 caedenda
1339 4240 1410 4331 est,

465 4376 543 4426 cum
559 4352 637 4427 luna
653 4356 715 4431 dec
766 4355 823 4433 cit.
843 4356 908 4433 Sed
931 4355 1092 4449 arbores,
1112 4377 1190 4452 qua
1218 4352 1410 4447 caedentur,
