3875 5759
628 947 711 1039 DE,
742 948 812 1018 RE
846 949 1106 1026 RUsthn
1139 951 1298 1028 Ltus.
1394 975 1440 1050 27

483 1106 641 1196 ficratnt,
657 1111 694 1180 δι
708 1106 785 1178 ideo
798 1132 872 1181 non
884 1108 1047 1182 continue
1059 1163 1071 1198 ,
1083 1109 1139 1184 sed
1152 1110 1342 1184 intermissis
1355 1129 1444 1186 tems

481 1217 625 1314 poribus
641 1217 863 1293 construenda
880 1220 950 1311 en,
963 1245 1006 1293 ne
1027 1245 1116 1317 opus
1131 1242 1271 1296 onerata
1279 1248 1444 1296 eorrum-

481 1348 566 1424 pata
587 1354 790 1403 camerarum
809 1356 948 1429 quoque
961 1332 1100 1405 tesloria
1120 1332 1202 1407 salso
1216 1335 1361 1406 humore
1376 1334 1446 1406 dis·

482 1435 595 1512 solvit.
614 1439 701 1510 Nam
721 1436 846 1512 fossiles
866 1464 977 1513 arenae
992 1442 1194 1516 cementitiis
1207 1442 1390 1537 parietibus
1405 1446 1446 1517 δε

483 1543 624 1618 cameris
641 1544 743 1619 celeri
763 1546 912 1620 scritate
931 1547 1031 1621 utiles
1050 1548 1146 1639 sunt,
1159 1550 1403 1649 melioresque,
1420 1550 1446 1622 si

482 1653 616 1742 slatim,
639 1679 719 1728 curn
746 1653 870 1727 effosso
900 1653 997 1741 sunt,
1019 1656 1104 1732 calci
1123 1657 1339 1743 misceantur.
1365 1685 1445 1731 narn

484 1762 618 1836 diutino
632 1762 719 1853 sole,
733 1784 791 1837 aut
804 1762 943 1866 pruina,
956 1784 1014 1838 aut
1033 1766 1141 1842 imbre
1155 1767 1351 1842 vanescunt.
1362 1768 1446 1841 Flu·

483 1873 587 1947 viales
605 1872 753 1947 tedoriis
765 1874 870 1971 magis
886 1891 1048 1969 poterunt
1063 1873 1261 1947 convenire.
1276 1875 1342 1945 Sed
1355 1873 1378 1945 si
1392 1873 1445 1947 uti

482 1980 662 2082 necessest
683 1985 783 2059 maris
801 2008 923 2070 arena,
937 1982 1002 2054 erit
1022 1985 1241 2057 commodum
1265 1983 1358 2079 prius
1370 2009 1445 2059 eam

482 2091 603 2164 lacuna
632 2090 787 2164 humoris
816 2090 924 2165 dulcis
950 2088 1132 2187 immergi,
1157 2110 1196 2164 ut
1223 2091 1346 2165 vitium
1369 2094 1445 2166 salis

485 2203 579 2303 aquis
600 2201 757 2303 suavibus
770 2202 861 2275 elota
875 2202 1034 2297 deponat.
1049 2204 1185 2277 Calcem
1203 2230 1341 2304 quoque
1362 2203 1450 2303 [ex]

484 2313 561 2408 albo
576 2312 654 2386 saxo
667 2313 780 2402 duro,
796 2312 854 2384 vel
867 2312 1076 2400 Tiburtino,
1093 2335 1149 2388 aut
1162 2301 1362 2389 columbino
1375 2317 1446 2389 slu-
1528 2381 1532 2392 .

483 2411 562 2497 viali
581 2448 791 2520 coquemus,
812 2442 870 2496 aut
888 2421 1014 2514 tubso,
1033 2419 1099 2497 aut
1111 2424 1268 2523 spongia,
1281 2447 1338 2499 aut
1356 2453 1447 2500 mar-

481 2556 578 2605 more
596 2532 779 2629 poslremo.
808 2532 962 2629 quaeerit
983 2557 1026 2605 ex
1046 2533 1145 2629 spisso
1166 2535 1308 2608 &duro
1336 2534 1446 2622 saxo,

482 2640 652 2715 stmuuris
665 2640 851 2716 convenit:
871 2667 914 2715 ex
934 2642 1086 2717 sisluloso
1108 2669 1195 2718 vero
1214 2662 1271 2717 aut
1289 2644 1445 2719 molliori

481 2754 592 2852 lapide
609 2753 758 2827 tedoriis
779 2754 960 2828 adhibetur
981 2754 1108 2827 utilius.
1135 2758 1172 2825 ln
1188 2753 1317 2824 duabus
1334 2776 1445 2824 arenae

482 2867 636 2965 partibus
654 2865 755 2938 calcis
775 2892 842 2939 una
864 2865 1031 2938 miscenda
1054 2862 1112 2936 est.
1135 2866 1173 2935 ln
1194 2858 1330 2933 fluviali
1356 2884 1446 2942 vero

481 2972 627 3045 arenafi
652 2972 782 3046 tertiam
805 2991 931 3069 partem
957 2972 1048 3045 teslae
1073 2970 1226 3070 [cretae]
1251 2967 1444 3069 addideris,

483 3104 627 3177 operum
649 3079 796 3153 soliditas
814 3082 898 3154 mira
922 3080 1144 3177 praestabitur.

531 3190 593 3262 Xl.
606 3190 712 3284 Quod
727 3189 752 3261 sr
771 3189 940 3262 latericios
951 3188 1094 3285 parietes
1103 3188 1139 3258 in
1155 3185 1317 3283 praetorio
1334 3184 1445 3261 sacere

482 3298 655 3388 volueris,
668 3298 752 3370 illud
770 3298 903 3371 servare
918 3298 1075 3386 debebis,
1089 3317 1125 3369 ut
1139 3295 1293 3392 persedis
1307 3296 1447 3390 parieti·

483 3406 561 3496 bus,
574 3407 609 3480 in
630 3406 843 3496 summitate,
863 3432 941 3504 quae
959 3406 1109 3480 trabibus
1129 3401 1339 3499 subjacebit,
1359 3402 1446 3474 slru-'

484 3517 573 3588 dura
593 3518 736 3590 testacea
757 3541 835 3591 cum
852 3513 992 3588 coronis
1014 3513 1285 3611 prominentibus
1302 3508 1361 3583 fiat
1379 3510 1446 3583 ses·

484 3626 652 3723 quipedali
665 3626 864 3715 altitudine,
886 3642 923 3696 ut
942 3622 967 3695 st
984 3615 1295 3722 eorruptaere‘gulae
1309 3641 1366 3697 aut
1377 3620 1446 3693 im·

483 3734 589 3816 brices
620 3735 768 3825 fuerint,
793 3735 953 3832 parietem
982 3758 1055 3804 non
1083 3732 1206 3830 possint
1231 3730 1446 3828 [stillicidia]

484 3864 657 3941 penetrare
674 3872 734 3942 pet
751 3846 915 3943 pluviam.
942 3843 1078 3918 Deinde
1101 3841 1347 3940 providendum
1372 3840 1444 3932 ess„

483 3953 520 4025 ut
539 3954 632 4028 succis
652 3958 690 4030 δι
710 3955 867 4051 asperatis
887 3953 1068 4052 parietibus
1089 3950 1240 4025 lateritiis
1264 3950 1443 4054 inducatur

432 4061 435 4086 '
483 4061 684 4152 tedorium,
701 4063 795 4159 quod
812 4063 958 4135 humidis
979 4088 1018 4135 ac
1032 4061 1166 4137 levibus
1187 4060 1355 4134 adherere
1369 4081 1443 4131 non
1490 4131 1495 4147 ,

482 4173 630 4267 poterit;
651 4170 781 4252 &ideo
799 4172 900 4246 tertio
921 4196 981 4245 eos
994 4169 1087 4267 prius
1100 4169 1236 4243 debebis
1253 4164 1446 4263 obducere,
1464 4169 1469 4188 ‘

482 4297 519 4352 ut
536 4282 714 4354 tedorium
733 4281 802 4354 sine
818 4280 1043 4376 corruptione
1065 4278 1252 4376 suscipiant.

529 4390 605 4474 ΧΗ.
629 4390 800 4494 Inprimis
818 4390 1017 4469 studendum
1038 4388 1084 4468 est
1103 4379 1269 4485 inagresli
1287 4378 1438 4502 sabrina,
