3875 5759
513 863 613 1014 pl*
658 903 788 975 nuris
815 885 1028 1004 venenu.
1049 846 1151 977 ⁴srvu
1178 906 1365 980 uvion·
1428 919 1497 1006 375·

538 1060 690 1151 nitrum,
712 1065 830 1138 baccas
854 1064 957 1152 lauri,
973 1064 1078 1163 aequis
1099 1064 1329 1161 ponderibus,
1352 1068 1497 1142 contusa

538 1170 654 1243 omnia
669 1191 769 1268 atque
791 1173 955 1262 cribrata,
972 1172 1057 1245 vino
1079 1169 1217 1271 qupque
1232 1175 1339 1248 veteri
1358 1177 1396 1249 δι
1416 1177 1498 1248 oleo

536 1279 690 1371 miscebis
710 1308 787 1354 curn
802 1282 960 1379 sanguine
975 1281 1095 1374 ipfius'r
1111 1308 1177 1380 qua
1193 1285 1355 1359 unllione
1367 1310 1498 1382 praepa·

537 1407 609 1461 rata
632 1388 707 1484 posi
730 1389 941 1463 inflationem
965 1391 1079 1489 illinis,
1103 1417 1205 1487 coxas
1228 1393 1408 1484 calida‚in
1430 1420 1499 1488 qua
1559 1387 1562 1392 ’

512 1537 514 1542 ·
537 1499 696 1574 verbenae
717 1503 865 1577 decoslae
886 1503 984 1592 sunt,
1001 1504 1203 1600 interpostto
1220 1504 1335 1578 triduo
1358 1503 1499 1576 diutiffi·

537 1633 594 1681 me
620 1608 845 1702 confovebis,
866 1613 942 1709 post
967 1614 1160 1687 unclionem
1187 1613 1380 1686 renovabis.
1405 1612 1429 1685 fi
1454 1635 1499 1685 ex

537 1716 606 1790 hoc
627 1717 760 1813 plenam
782 1745 854 1793 non
877 1724 1042 1813 receperit
1069 1721 1265 1809 sanitatem,
1279 1723 1406 1794 vulnus
1429 1722 1499 1793 uris

538 1826 687 1899 cauterio
707 1827 743 1898 in
769 1826 842 1924 ipso
868 1829 1054 1902 vertibulo.
1078 1827 1237 1901 Similiter
1265 1827 1405 1902 sciaticis
1427 1826 1500 1903 sieri

537 1934 732 2010 consuevit.
740 1940 966 2031 Quaecunque
981 1953 1039 2006 aut
1051 1935 1091 2006 de
1104 1935 1235 2026 omnis
1246 1935 1430 2030 ceterisque
1444 1937 1501 2011 vie

535 2041 594 2113 riis
610 2043 852 2132 articulorum,
867 2044 925 2116 vel
947 2044 989 2116 de
1009 2043 1142 2142 ungulis
1160 2043 1348 2139 primorum
1372 2046 1499 2142 pedum

538 2179 631 2226 nunc
649 2156 740 2227 diua
764 2156 864 2247 sunt,
885 2153 966 2230 scias
987 2153 1087 2229 etiarn
1111 2153 1148 2228 in
1173 2153 1417 2253 posterioribus
1438 2154 1500 2235 de·¹

525 2262 619 2333 bere
643 2262 780 2339 servari.
878 2279 881 2283 ’
1023 2311 1026 2318 ·
1337 2337 1340 2350 ,

536 2424 538 2427 -
587 2376 714 2447 ΧΧΙΙΙ.
730 2375 917 2449 Alienaturn
934 2375 1092 2449 morbum
1105 2374 1500 2466 ausloresvocaverunt.

538 2482 673 2576 quoties
697 2483 769 2555 hac
790 2483 878 2582 signa
897 2486 1101 2582 procedunt.
1123 2487 1275 2558 Parentes
1288 2486 1411 2559 oculos
1425 2484 1501 2555 ani-

536 2590 605 2673 mal
624 2590 746 2678 babet,
768 2616 830 2665 nec
851 2592 948 2665 sentit
971 2590 1120 2665 hominis
1144 2593 1355 2675 adventum‘,
1379 2589 1501 2686 quibus

539 2700 578 2771 &
598 2697 690 2770 labra
711 2701 749 2771 δι
768 2697 835 2793 ipsa
849 2697 988 2779 ,orificia
1000 2696 1251 2785 intumescunt,
1271 2697 1364 2792 quasi
1378 2698 1420 2768 ab
1439 2695 1503 2770 ali·
1575 2783 1578 2787 ⁴

539 2832 607 2903 qua
626 2808 766 2880 besliola
791 2811 956 2880 contasla.
971 2810 1083 2899 Quem
1098 2806 1254 2877 morbum
1278 2804 1333 2877 alii
1349 2806 1502 2879 auctores

540 2916 683 2987 orabunt
703 2938 998 3011 nuncupaverunt.
1019 2913 1073 2985 Eu
1086 2935 1197 2987 autem
1217 2912 1412 3011 nequiffima
1424 2911 1502 3008 pas·

541 3022 602 3095 sto.
625 3022 764 3119 primo,
789 3024 883 3121 quod
910 3021 1069 3120 pestifero
1097 3018 1233 3094 tranfitu
1260 3013 1502 3117 contagionem

541 3132 663 3234 spargit
685 3133 727 3205 in·
742 3132 926 3229 plurimos:
945 3131 1086 3219 deinde,
1104 3131 1201 3228 quod
1214 3129 1390 3227 imperitos
1407 3128 1503 3204 dcci-

478 3335 487 3345 *
541 3243 593 3339 pit
616 3242 726 3339 specie
745 3240 902 3316 sanitatis.
919 3267 996 3315 nam
1009 3238 1129 3313 refesia
1144 3242 1182 3314 δι
1201 3239 1286 3311 bene
1303 3229 1414 3313 curata
1427 3238 1502 3311 anl-

478 4388 522 4462 *ll

540 3352 639 3425 mnia
648 3377 691 3424 ex
701 3352 764 3426 bac
776 3350 924 3448 passione
938 3349 1049 3422 subito
1061 3347 1175 3422 inflata
1185 3347 1391 3420 moriuntur.
1408 3348 1502 3420 Alie-
1566 3447 1569 3452 γ

542 3478 640 3532 natus
659 3477 771 3531 autem
793 3476 960 3544 vocatur,
976 3457 1069 3550 quod
1091 3456 1190 3552 eripit
1211 3453 1411 3528 animalibus
1429 3456 1504 3528 seni

544 3569 615 3641 sum
628 3624 639 3654 ,
653 3569 813 3652 Mallem,
832 3564 1133 3661 quodpeslilentia
1154 3564 1403 3650 internecivum
1419 3588 1505 3638 con·

542 3676 668 3774 ragiunt
681 3674 772 3749 facit.
790 3674 992 3771 Plerumque
1004 3691 1113 3747 auten
1130 3672 1258 3750 viscera
1273 3672 1411 3747 interius
1425 3696 1505 3746 ver·

544 3785 656 3857 mibus
683 3781 862 3858 consumit.
887 3784 1049 3874 Quorum
1078 3782 1192 3886 mprsu
1215 3780 1350 3878 pertuso
1369 3772 1537 3878 aqualis

546 3894 627 3967 culo
648 3888 804 3964 animalia
826 3890 1011 3979 suffocata,
1035 3888 1145 3963 subito
1166 3891 1384 3977 moriuntur;
1402 3886 1507 3961 sedsi

548 4000 707 4072 velocior
730 3999 897 4073 medicina
916 4001 1109 4088 succurrat,
1134 4000 1197 4073 hac
1217 3998 1351 4072 ratione
1370 3996 1525 4073 salvam.

547 4124 621 4180 tur:
633 4111 690 4181 De
699 4108 837 4183 cervice·
847 4109 1038 4206 sanguinem
1049 4108 1206 4195 detrahis,
1219 4077 1396 4207 potionem
1412 4130 1508 4181 come

548 4216 650 4312 ponis
662 4215 874 4310 hujusmodi:
889 4219 1013 4294 Gallici
1028 4218 1085 4291 lib.
1096 4242 1218 4307 unam,
1232 4213 1369 4315 hyssopi
1387 4214 1507 4296 librant
1542 4249 1546 4258 ·

526 4396 531 4434 ι
555 4354 588 4420 r,
606 4326 763 4404 abrotani
780 4328 899 4404 libram
920 4324 1252 4424 semis,-arislologiae
1274 4322 1429 4401 rotunde
1449 4320 1509 4397 lib.
1610 4411 1612 4416 Ι

1211 4441 1323 4535 tat
