3875 5759
581 895 1270 976 murmuriosum.
1332 906 1407 1002 '163
1532 953 1542 962 -

496 1060 558 1138 XI.
586 1064 677 1135 Cum
701 1085 789 1135 vero
813 1059 965 1134 ducenda
996 1060 1045 1146 est
1068 1086 1178 1159 aqua,
1201 1062 1335 1137 ducitur
1356 1089 1417 1143 aut
1544 1135 1548 1142 .

446 1172 560 1247 forma
578 1169 736 1259 struniti,
750 1163 1146 1267 aurplumbeisfflulis,
1164 1191 1224 1245 aut
1242 1173 1416 1248 canalibus

418 1288 420 1291 ⁴
445 1284 661 1382 ligneis,aut
681 1278 838 1359 fictilibus
852 1279 951 1355 tubis.
966 1269 1005 1353 si'
1024 1305 1084 1376 per
1097 1274 1417 1372 manducetur,

446 1392 642 1467 solidandos
656 1391 704 1463 est
726 1389 873 1481 canalis,
886 1415 929 1462 ne
948 1416 1009 1486 per
1020 1390 1121 1462 rimas
1135 1414 1221 1485 aqua
1235 1392 1334 1487 possit
1347 1393 1418 1465 ela·

447 1504 507 1578 bi:
530 1500 625 1596 cujus
648 1498 849 1597 magnitudo
874 1524 938 1593 pro
963 1525 1058 1597 aquae
1087 1500 1239 1573 mensura
1263 1500 1418 1577 sarienda

434 1611 506 1701 est.
526 1611 562 1682 Si
579 1632 639 1707 per
658 1609 798 1705 planum
818 1610 957 1697 veniet,
969 1608 1059 1680 inter
1072 1610 1256 1706 sexagenos
1269 1611 1326 1683 rel
1337 1602 1430 1688 cen-³

446 1742 547 1795 tenos
566 1720 668 1817 pedes
689 1718 806 1792 seusun
824 1720 1007 1793 reclinetur
1025 1717 1187 1794 strusiura
1200 1721 1237 1792 in
1252 1720 1418 1823 sesquipe.

347 1851 350 1858 '
448 1832 545 1918 dem,
562 1849 602 1901 ut
622 1830 697 1902 vim
719 1828 819 1924 poffit
831 1829 961 1902 babere
980 1830 1147 1903 currendi.
1169 1829 1204 1899 si
1224 1830 1300 1926 quis
1317 1858 1418 1908 mons

448 1936 640 2031 interjeilus
668 1937 882 2025 occurrerit,
907 1955 965 2009 aut
991 1962 1051 2032 per
1076 1937 1180 2009 latera
1204 1936 1275 2031 ejus
1296 1962 1419 2058 aquam

448 2052 611 2123 ducemus
635 2045 834 2143 obliquam,
858 2063 915 2116 aut
936 2044 978 2117 ad
999 2070 1095 2143 aquae
1120 2063 1222 2143 caput
1248 2046 1419 2143 speluncas

448 2153 671 2245 librabimus,
687 2177 747 2248 per
764 2178 906 2250 quarum
928 2152 1122 2226 strunuram
1144 2155 1328 2250 perveniat.
1355 2160 1421 2230 Sed

451 2262 526 2335 lise
548 2262 644 2339 vallis
664 2259 860 2348 interserat,
875 2261 998 2333 etesias
1019 2260 1103 2358 pilas
1124 2261 1181 2334 vel
1195 2287 1293 2337 arcus
1314 2264 1419 2362 usque
1561 2261 1564 2266 ’

451 2374 494 2446 ad
511 2396 608 2469 aquae
624 2369 708 2465 julla
731 2369 868 2467 vestigia
892 2370 1152 2461 construemus,
1174 2392 1230 2442 aut
1251 2372 1420 2468 plumbeis

450 2481 568 2554 fillulis
589 2481 734 2556 clausam
757 2480 857 2576 dejici
881 2480 1068 2577 patiemur,
1083 2483 1121 2556 δι
1142 2482 1310 2577 explicata
1331 2486 1421 2558 valle

392 2602 394 2606 ’
451 2594 667 2689 eonsurgere.
684 2592 772 2677 Sed,
787 2592 882 2689 quod
896 2589 943 2662 ed
956 2590 1117 2662 salubrius
1136 2593 1173 2663 δι
1185 2591 1300 2662 utilius
1312 2646 1324 2679 ,
1337 2590 1423 2666 fissi·

450 2705 541 2776 libus
565 2702 656 2775 tubis
678 2726 755 2774 curn
781 2701 918 2774 ducitur
931 2755 942 2791 ,
956 2699 1089 2772 duobus
1116 2699 1230 2796 digitis
1250 2702 1367 2792 etalii,
1383 2708 1425 2780 δι’
1537 2703 1541 2712 '

367 2815 369 2819 ⁴
453 2838 497 2884 ex
513 2838 579 2883 una
592 2832 686 2907 parte
698 2811 879 2883 reddantur
891 2809 1034 2909 angusti,
1045 2829 1082 2880 ut
1097 2808 1199 2904 palmi
1213 2807 1321 2905 spatio
1334 2835 1423 2910 unus¹

455 2924 492 2994 in
513 2922 654 2992 alterum
673 2922 774 3017 poffit
788 2920 911 2994 intrare
925 2946 935 2991 τ
949 2943 1031 3017 quas
1043 2916 1212 3012 junsluras
1226 2919 1311 2992 viva
1328 2923 1423 2996 calce

457 3030 541 3103 oleo
564 3027 691 3101 subasia
716 3021 878 3102 debemus
891 3023 1027 3101 illinire.
1048 3028 1112 3099 Sed
1128 3046 1304 3125 antequam
1328 3030 1363 3102 in
1380 3032 1423 3107 iis

458 3166 552 3237 aquae
566 3139 680 3212 cursus
705 3141 919 3228 admittatur,
934 3139 1052 3211 favilla
1073 3163 1133 3235 per
1148 3163 1208 3210 eos
1227 3139 1332 3213 mixta
1348 3142 1425 3213 e'xi-

456 3274 526 3347 guo
538 3249 670 3345 liquore
683 3250 857 3337 decurrat,
869 3268 907 3321 ut
921 3249 1086 3347 glutinare
1100 3248 1255 3344 poffit‚sr
1268 3276 1336 3346 qua
1349 3252 1425 3325 sunt

456 3358 540 3431 vitia
561 3358 736 3429 tuborum.
761 3358 890 3428 Ultima
916 3358 1004 3428 ratio
1026 3356 1095 3445 est,
1119 3355 1285 3450 plumbeis
1307 3357 1425 3433 fistulis

457 3472 605 3567 ducere:
629 3494 705 3562 quae
732 3490 834 3563 aquas
861 3467 982 3537 noxias
1008 3466 1162 3537 reddunt.
1193 3468 1281 3537 Nam
1311 3468 1426 3541 cerusa

457 3575 603 3672 plumbo
617 3594 748 3646 creatur
768 3573 997 3670 attrito‚quae
1021 3574 1224 3669 corporibus
1247 3559 1426 3648 nocethu'-
1543 3625 1547 3630 -

459 3685 578 3759 manis.
603 3685 787 3783 Diligentis
805 3686 887 3774 erit,
905 3709 1066 3779 aquarum
1091 3687 1304 3782 receptacula
1319 3687 1426 3759 sabri-

411 3869 415 3893 -.
460 3793 548 3881 cari,
566 3812 604 3865 ut
620 3795 755 3887 copiam
773 3795 829 3866 vel
844 3795 944 3887 inops
958 3816 1043 3865 vena
1059 3812 1231 3887 procuret.

509 3906 586 3976 Xll.
610 3904 766 3976 Mensura
790 3929 877 3976 vero
902 3901 1083 3974 fistularum
1107 3902 1249 3997 plumbo
1277 3899 1428 3973 servetur
1533 3915 1536 3930 ¹

460 4013 667 4107 hujusmodi.
692 4014 895 4087 Centenaria
915 4033 942 4081 x
956 4011 1079 4106 pedum
1095 4011 1186 4082 mille
1207 4012 1367 4081 ducentas
1386 4009 1430 4082 li··

460 4122 538 4193 bras
561 4123 693 4193 lrabeat.
719 4121 945 4234 Odogenaria
972 4119 1198 4216 noningentas
1222 4138 1282 4187 LX.
1315 4120 1428 4213 Quin-

462 4233 661 4330 quagenaria
674 4231 825 4303 fimiliter
839 4254 866 4303 x
880 4233 1003 4329 pedum
1019 4233 1138 4325 pondo
1155 4232 1319 4301 sexcenta.
1334 4234 1429 4323 Qua.

463 4342 658 4441 dragenatia
678 4340 798 4437 pondo
821 4344 1062 4440 quadringenta
1088 4353 1209 4413 Lxxx.
1233 4338 1429 4417 Triceuaria

1164 4451 1193 4520 L
1215 4474 1240 4520 2
