3875 5759
490 845 562 1007 4¹36
661 859 1286 982 vscerrrnrnuv.

494 1078 608 1149 succus
625 1071 756 1146 facilius
778 1068 820 1141 ad
848 1066 1009 1139 interiora
1030 1065 1216 1163 perveniat.
1237 1059 1391 1139 Postero
1419 1068 1477 1141 die

491 1189 580 1262 idem
599 1182 723 1259 animal
744 1202 893 1275 pronum
913 1176 1133 1250 constituatur
1147 1175 1183 1245 in
1206 1174 1325 1265 clivo,
1345 1180 1391 1251 &
1413 1205 1477 1274 per

493 1300 669 1399 clysterem
682 1292 772 1365 illius
782 1290 905 1385 tepidae
920 1288 1073 1384 potionis
1086 1286 1244 1359 sextarius
1256 1286 1450 1384 ingeratur
1462 1347 1476 1380 ,

491 1428 656 1509 quatenus
677 1399 815 1474 alternis
837 1398 956 1469 diebus
978 1423 1022 1469 ex
1049 1415 1190 1495 utraque
1218 1413 1315 1490 parte
1337 1396 1476 1491 injesla

488 1520 589 1619 potio
612 1510 919 1610 coagulare,quod
938 1506 1147 1604 appellatur,
1173 1505 1275 1602 poffit
1293 1506 1475 1584 infunde·

489 1653 547 1715 re,
569 1626 604 1698 in
625 1645 696 1722 quo
713 1619 778 1691 illae
799 1618 915 1691 noxia:
936 1616 1085 1689 bestiolae
1105 1634 1304 1713 coguntur,
1324 1619 1369 1691 δι
1391 1645 1474 1716 per-

489 1736 565 1811 tuso
581 1729 776 1806 ventriculo
795 1729 985 1802 excruciata
1004 1728 1180 1801 doloribus
1195 1725 1356 1799 animalia
1374 1734 1475 1825 peri·

489 1861 597 1918 munt.
622 1840 678 1911 Est
699 1841 737 1913 δι
756 1837 853 1911 tertia
877 1836 1048 1909 confeuio
1076 1859 1147 1907 non
1175 1834 1287 1906 minus
1316 1839 1472 1916 valida:

437 1935 440 1940 ⁵
488 1954 624 2029 Radicis
642 1950 795 2048 capparis
817 1948 944 2038 Siculi,
969 1947 1024 2021 vel
1050 1947 1168 2019 baccas
1193 1971 1269 2018 cum
1294 1945 1398 2023 soliis
1424 1957 1472 2026 ad

489 2091 590 2138 unam
613 2061 733 2133 libram
757 2056 902 2147 deteris,
929 2056 1120 2153 pariterque
1134 2053 1370 2146 commisces,
1401 2063 1472 2133 ad.

488 2176 606 2274 disque
626 2170 712 2246 aceti
736 2168 900 2243 sextarios
922 2167 1019 2242 duos.
1038 2167 1146 2259 Quod
1167 2166 1470 2246 medicamentum

488 2285 658 2362 interdum
672 2308 731 2378 per
746 2307 808 2369 os,
824 2278 935 2380 (sicut
952 2279 1100 2378 superius
1113 2280 1235 2353 didum
1249 2279 1326 2374 est)
1351 2283 1469 2360 inter·

488 2398 569 2469 dum
583 2418 642 2490 per
656 2390 845 2463 intestinum
861 2388 972 2483 injicis
991 2387 1150 2480 animali,
1165 2407 1202 2460 ut
1216 2387 1376 2464 internos
1393 2394 1465 2468 ho·

491 2505 555 2579 sles
576 2499 728 2598 potionis
749 2497 938 2571 austeritate
962 2495 1151 2570 consumas.

536 2614 598 2685 XI.
614 2607 800 2682 Adversum
821 2606 936 2680 omnia
952 2631 1073 2704 genera
1088 2607 1287 2680 morborum
1302 2608 1463 2689 salutaris

488 2718 659 2800 conseslio
683 2716 897 2812 praeparanda
922 2713 998 2804 est,
1012 2731 1051 2785 ut
1080 2714 1167 2786 inter
1189 2714 1258 2811 ipsa
1282 2714 1383 2788 initia
1412 2744 1461 2792 ex

489 2829 637 2905 conditis
661 2824 760 2923 possm
783 2823 928 2898 occurri.
953 2812 1046 2895 Cassa
1074 2821 1120 2894 est
1145 2824 1235 2894 enim
1259 2824 1460 2916 medicina',

489 2965 567 3037 quae
584 2938 652 3008 sera
665 2934 722 3006 est.
734 2934 886 3030 Myrrhae
907 2933 1044 3021 libram,
1058 2932 1140 3004 turis
1155 2933 1292 3010 masculi
1305 2934 1458 3030 libram,

489 3045 569 3119 mali
589 3042 709 3116 Punici
724 3042 809 3115 corii
823 3042 910 3113 tunsi
929 3042 1070 3131 libram,
1089 3040 1211 3137 piperis
1231 3043 1348 3116 uncias
1368 3065 1456 3135 tres,

488 3151 584 3225 croci
606 3149 721 3221 uncias
743 3166 835 3236 tres,
853 3148 974 3220 acaciae
993 3148 1078 3219 rufae
1103 3148 1278 3233 selibram,
1299 3152 1455 3225 Cadmiae

490 3254 674 3356 botryodis
695 3254 868 3345 selibram,
895 3254 1013 3326 tefinae
1035 3254 1116 3328 ustae
1144 3256 1321 3345 selibram,
1344 3261 1454 3332 absin·

489 3371 551 3443 tbii
572 3366 719 3441 Pontici·
735 3365 905 3457 selibram,
923 3367 1075 3464 pulveris
1105 3368 1243 3465 serpylli
1266 3367 1453 3461 selibram,

489 3480 657 3555 betonicae
677 3476 856 3566 selibram,
879 3495 1067 3550 centaureae
1095 3476 1269 3566 selibram,
1295 3477 1453 3574 sagapeni

487 3590 662 3673 selibram,
684 3584 856 3683 saxifragae
876 3585 1053 3685 selibram,
1077 3584 1260 3681 peucedani
1282 3584 1452 3662 selibram.

357 3759 360 3766 .
435 3745 437 3749 -
488 3722 566 3797 quae
585 3694 700 3767 omnia
721 3695 807 3767 bene
828 3693 972 3769 tunsa&
986 3696 1130 3768 cribrata
1146 3695 1181 3764 in
1204 3692 1313 3766 mellis
1326 3698 1451 3791 optimi

489 3810 597 3879 tribus
621 3803 767 3877 sextariis
785 3804 924 3893 misces,
939 3805 1031 3879 &ad
1044 3804 1208 3878 carbones
1227 3802 1349 3875 leniter
1365 3832 1450 3900 pau·

487 3920 595 3989 lulum
615 3915 757 4013 coquis,
772 3913 848 4010 post
860 3915 896 3987 in
909 3916 985 3986 vase
1007 3914 1143 4011 stagneo
1157 3915 1213 3987 vel
1230 3915 1344 3987 vitreo
1360 3941 1452 3988 con-

488 4025 556 4099 dita
576 4028 711 4112 servas,
735 4048 778 4094 ex
803 4048 870 4119 qua
890 4020 1106 4096 confessione
1129 4020 1318 4109 morbidis,
1345 4023 1371 4094 fi
1400 4024 1452 4098 se·

480 4135 622 4224 'briunt,
639 4134 681 4205 ad
705 4133 794 4205 diem
820 4134 945 4231 singula
965 4134 1156 4206 cochlearia
1178 4130 1309 4226 majora
1331 4161 1453 4211 cumu-

486 4246 551 4316 lata
571 4271 650 4318 cum
675 4243 808 4316 hemina
827 4270 921 4341 aquae
940 4244 1081 4338 tepidae,
1096 4242 1216 4317 &olei
1230 4243 1328 4317 slotis
1342 4247 1454 4322 tribus

484 4356 593 4430 unciis
615 4356 718 4458 dabis.
738 4354 845 4445 Quod
866 4355 890 4427 si
909 4353 1032 4458 absque
1056 4353 1149 4429 sebte
1172 4353 1250 4429 sunt
1269 4359 1455 4453 morbidi,
