3875 5759
491 1011 493 1014 ,
577 896 1314 1019 ,ιῖΜεεῬτῑΜΒΕκ
1386 938 1453 1033 169

454 1091 619 1190 'sbranda
640 1092 812 1165 vindeniia
837 1091 1053 1192 est‚frigidis
1070 1086 1269 1190 apparanda.
1291 1097 1330 1165 ln
1352 1095 1455 1169 doliis

492 1204 646 1300 picandis
668 1203 724 1277 hic
750 1204 872 1276 modus
894 1205 984 1294 erit,
1012 1224 1049 1278 ut
1071 1199 1202 1277 dolium
1227 1198 1454 1280 ducentorum

493 1314 698 1410 congiorum
717 1336 774 1386 xu
794 1314 886 1387 libris
900 1314 1057 1411 picetu'r:
1073 1317 1193 1388 deinde
1219 1341 1285 1412 pro
1311 1316 1456 1390 minoris

491 1423 713 1514 estimatione
734 1424 907 1499 subducas.
931 1426 996 1498 Sed
1020 1427 1247 1499 maturitatem
1272 1424 1456 1499 vindemiae

494 1533 734 1630 cognoscimus
744 1535 821 1635 ltoc
833 1560 954 1633 genere
967 1563 982 1609 ε,
994 1535 1018 1610 fi
1031 1535 1177 1632 expressa
1191 1562 1258 1609 uva
1271 1590 1283 1626 ,
1298 1536 1457 1625 vinacia,

478 1666 571 1738 ‘quae
583 1642 618 1714 in
633 1644 738 1717 acinis
751 1646 915 1736 celantur,
924 1646 993 1720 hoc
1007 1648 1073 1734 est,
1089 1672 1206 1745 grana,
1222 1648 1286 1719 srnt
1300 1646 1401 1736 fusca,
1417 1649 1456 1721 δι

493 1752 663 1844 nonnulla
682 1755 932 1850 propemodum
955 1754 1050 1851 nigra
1066 1779 1075 1825 ε
1091 1779 1191 1849 quam
1212 1778 1283 1855 rem
1297 1754 1458 1827 naturalis
1507 1833 1531 1859 ·.

494 1860 666 1935 maturitas
684 1860 774 1937 facit.
795 1863 1044 1961 Diligentiores
1067 1862 1206 1958 optimae
1233 1886 1319 1935 cerae
1337 1861 1373 1932 in
1397 1862 1459 1963 de·
1575 1875 1581 1891 '

495 1972 679 2066 cem-picis
702 1973 827 2062 libras,
852 1999 955 2045 unam
980 1973 1099 2045 libram
1127 1972 1293 2061 miscent,
1319 1997 1394 2069 quae
1420 1971 1468 2045 δι·

497 2080 598 2152 odori
620 2079 758 2178 proficit
771 2136 782 2171 ,
804 2086 842 2156 δι
862 2081 996 2179 sapori,
1021 2083 1060 2156 δι
1085 2082 1193 2177 picem
1220 2080 1356 2154 lenitate
1379 2105 1458 2175 per·

497 2191 669 2282 mulcens,
682 2193 866 2291 frigoribus
882 2221 955 2268 eam
977 2201 1050 2269 non
1073 2194 1198 2291 patitur
1212 2193 1355 2281 diffilire.
1370 2191 1460 2267 Picis
1519 2208 1522 2214 '

497 2318 609 2374 tamen
630 2304 725 2401 gustu
742 2308 951 2402 exploranda
965 2308 1110 2380 dulcedo
1125 2305 1172 2380 est
1185 2360 1197 2398 ‚
1210 2307 1289 2408 quia
1303 2291 1388 2403 saepe
1405 2303 1459 2379 vi·

497 2435 540 2484 na
560 2410 631 2507 ejus
649 2416 872 2490 amaritudine
891 2419 1068 2491 vitiantur.
1134 2401 1140 2418 ⁵
1337 2407 1341 2413 ¹

544 2522 623 2594 XII.
635 2525 745 2614 ‚Nune
765 2526 962 2623 quibusdam
977 2529 1062 2601 locis
1084 2527 1241 2624 panicum
1265 2524 1460 2613 metetur&

498 2628 641 2704 milium.
665 2635 839 2729 Tempore
868 2637 939 2707 hoc
963 2633 1084 2708 faselus
1113 2635 1156 2705 ad
1187 2633 1295 2705 escam
1323 2632 1460 2703 seratur.

498 2738 602 2812 Nunc
616 2739 656 2813 in
670 2742 827 2814 amitibus
842 2760 1021 2839 apparetur
1034 2742 1214 2837 aucupium
1234 2743 1387 2827 nodum,
1402 2764 1461 2812 ce·

497 2847 635 2944 teraque
669 2848 891 2920 instrumenta
914 2869 1092 2958 captura²
1114 2866 1152 2921 ut
1178 2847 1268 2922 circa
1292 2846 1463 2920 Kalendas

498 2976 692 3038 exerceatur
709 2957 884 3030 Odobris.
1305 3047 1308 3051 ¹

451 3130 453 3134 .
545 3058 762 3143 Xlll'tNunc
780 3090 930 3164 papaver
954 3066 1073 3146 seritur
1093 3065 1179 3141 locis
1203 3065 1296 3141 necis
1315 3068 1352 3140 δι
1377 3063 1463 3139 cali·

448 3243 451 3249 .
501 3176 552 3248 dis
573 3205 582 3250 z
602 3155 714 3273 posest
734 3179 774 3251 &
796 3202 872 3251 cum
898 3175 974 3281 aliis
1001 3176 1150 3249 oleribus
1174 3176 1339 3249 seminari.
1358 3174 1464 3247 fertur

495 3284 619 3374 utilius
634 3279 840 3384 provenire,
855 3285 914 3357 ubi
932 3286 1037 3383 virgae
1052 3289 1090 3360 δι
1105 3286 1268 3359 sarmenta
1289 3285 1464 3359 combusta

501 3394 587 3471 sunt.
604 3401 777 3492 Tempore
796 3399 865 3472 hoc
880 3387 1054 3471 brassicam
1066 3396 1151 3471 seres
1164 3396 1299 3485 utilius,
1313 3416 1350 3467 ut
1368 3395 1462 3492 plan·
1551 3413 1553 3417 ·

500 3525 551 3583 tas
571 3505 642 3599 ejus
665 3508 859 3582 Novembri
881 3508 1063 3581 inchoante
1085 3508 1305 3604 transponas:
1322 3505 1362 3579 de
1387 3503 1465 3603 qui·

501 3616 565 3688 bus
586 3616 624 3692 ὃ(
639 3613 747 3687 hieme
769 3617 872 3707 olus,
897 3620 935 3693 δι
954 3641 1035 3689 vere
1062 3615 1162 3711 possit
1184 3642 1286 3717 cyma
1310 3613 1465 3713 produci.

502 3726 582 3802 Hoc
604 3722 715 3798 mense
737 3722 839 3819 spatia
851 3727 1059 3815 hortorum,
1077 3749 1153 3820 quae
1166 3749 1235 3821 ‚per
1257 3748 1400 3798 vernum
1417 3721 1464 3792 se·,

502 3834 650 3910 minibus
671 3832 868 3931 impleturus
886 3859 922 3907 es
934 3890 946 3923 ,
969 3834 1035 3908 alte
1060 3834 1168 3908 tribus
1194 3833 1335 3930 pedibus
1361 3829 1463 3926 palii·

502 3947 583 4016 riare
598 3944 754 4033 debebis,
774 3945 812 4017 &
827 3946 906 4017 luna
921 3944 1133 4038 decrescente
1150 3943 1202 4017 his
1219 3943 1342 4016 stercus
1358 3937 1463 4012 inser·

502 4079 550 4126 re.
566 4055 645 4129 Hoc
660 4055 774 4130 mense
786 4053 908 4127 ultimo
918 4057 1077 4154 thymum
1098 4055 1260 4141 feremus,
1276 4052 1330 4126 sed
1345 4049 1465 4123 melius

504 4159 630 4256 plantis
656 4160 821 4252 nascitur,
842 4161 999 4259 quamvis
1017 4161 1118 4258 poffit
1133 4162 1171 4235 δι
1192 4158 1326 4232 semine.
1349 4179 1465 4253 agrum

508 4267 618 4364 diligit
640 4270 804 4365 apricum,
820 4295 997 4362 macrum,
1015 4270 1230 4344 maritimum.
1253 4267 1354 4340 Nunc
1375 4264 1465 4339 circa

503 4377 746 4479 equinodium
765 4379 850 4456 seres
870 4379 1071 4481 origanum:
1092 4376 1268 4455 stercorari
1282 4401 1322 4451 ac
1341 4372 1465 4475 rigari,
