3875 5759
455 909 600 1025 ''u
672 923 1419 1005 rnttnotrnurtnm

552 1088 669 1163 versus
685 1091 805 1162 eodem
818 1090 927 1162 modo
944 1090 988 1163 sic
1002 1088 1091 1162 illam
1106 1108 1212 1185 ponat
1225 1089 1261 1161 in
1274 1085 1380 1181 terra,
1393 1091 1431 1164 δι
1446 1088 1514 1189 gle-

551 1198 612 1272 bas
630 1197 760 1272 dorfi
732 1222 802 1293 elus
815 1196 956 1291 objiciat
970 1216 1176 1286 curvaturae,
1193 1222 1234 1270 ne
1253 1198 1376 1295 poffit
1367 1198 1514 1286 mverri,

450 1362 452 1366 -
551 1306 611 1379 sed
629 1306 744 1401 supina
766 1323 968 1402 permaneat.
993 1306 1062 1377 hoc
1081 1304 1168 1379 fauo
1180 1304 1289 1379 fertur
1311 1305 1449 1415 spatium
1470 1308 1515 1380 src

551 1399 722 1487 defensum
737 1413 869 1487 nubes
859 1413 996 1485 mimica
1009 1412 1244 1487 transcurrere.
1266 1462 1302 1476 -
1324 1412 1514 1504 Nonnulli,

551 1521 613 1593 ubi
630 1522 750 1594 instare
769 1524 894 1595 malurn
915 1521 1084 1609 viderint,
1096 1521 1217 1595 oblato
1236 1520 1405 1617 speculo
1395 1522 1516 1618 imagi·

550 1655 631 1705 nem
652 1631 749 1705 nubis
767 1630 941 1728 accipiunt
949 1632 1012 1720 ‚dc
1033 1632 1103 1703 hoc
1124 1630 1275 1703 remedio
1295 1631 1418 1727 nubem
1438 1629 1517 1731 (seu

388 1762 398 1814 l
481 1775 484 1781 ⁸
550 1758 593 1814 ut
606 1740 672 1840 fibi
682 1740 1022 1837 objedadisplicear,
1038 1740 1092 1812 seu
1107 1757 1267 1837 tanquam
1282 1740 1449 1838 geminata
1465 1742 1516 1814 al·

549 1849 616 1946 ¹teri
641 1848 760 1948 cedar)
782 1868 955 1925 avertunt.
981 1850 1060 1922 item
1085 1850 1186 1922 vituli
1205 1850 1334 1921 marini
1357 1848 1454 1945 pellis
1477 1849 1513 1924 in

550 1962 667 2039 medio
682 1961 859 2035 vinearum
873 1962 955 2035 loco
973 1960 1032 2033 uni
1045 1958 1226 2056 superjeela
1240 1959 1389 2035 viticulae
1404 1961 1515 2034 credi·

551 2090 608 2145 tur
626 2092 746 2145 contra
767 2072 945 2146 imminens
966 2071 1093 2144 malum
1111 2072 1219 2145 totius
1241 2072 1353 2145 vineae
1367 2073 1515 2145 membra

552 2181 698 2254 vestiffe.
720 2182 849 2255 Omnia
871 2182 997 2255 semina
1014 2182 1106 2254 horti
1128 2181 1184 2253 vel
1208 2183 1278 2281 agri
1301 2183 1453 2257 seruntur
1473 2182 1516 2257 ab

554 2294 714 2367 omnibus
730 2292 831 2365 malis
843 2318 882 2367 ac
905 2292 1063 2366 monstris
1085 2312 1155 2366 tuta
1179 2296 1316 2381 servari,
1336 2296 1359 2367 si
1383 2296 1517 2393 agrestis

555 2401 743 2475 cucumeris
769 2401 1052 2476 tritisradicibus
1080 2421 1158 2474 ante
1181 2409 1403 2492 macerentur.
1432 2410 1515 2476 ltem

554 2532 651 2604 equae
667 2506 831 2598 calvaria,
849 2507 906 2581 sed
925 2507 997 2592 non
1014 2509 1173 2607 virginis,
1188 2511 1277 2582 intra
1296 2511 1433 2582 hortum
1448 2526 1516 2607 ρο·-

555 2619 666 2691 nenda
689 2617 757 2708 etl,
782 2618 839 2691 vel
863 2618 964 2692 eriam
989 2619 1099 2692 asmae.
1127 2620 1321 2694 Creduntur
1338 2614 1435 2694 lenim
1461 2620 1517 2693 sua

540 2717 730 2824 'praesentia
745 2724 943 2800 foecundare
952 2780 965 2815 ,
981 2751 1056 2824 quae
1070 2727 1226 2824 spedanr.
1587 2821 1590 2828 Ἰ

573 2847 575 2852 ’
602 2836 766 2909 XXXVI.
787 2838 875 2909 Area
896 2836 1001 2934 longe
1020 2863 1040 2910 a
1060 2838 1143 2911 villa
1164 2837 1229 2910 esse
1249 2863 1321 2910 non
1342 2837 1460 2924 debet,
1478 2840 1517 2912 δι

550 2964 695 3043 propter
716 2946 920 3039 exportandi
940 2945 1156 3037 facilitatem,
1171 2950 1208 3021 δι
1231 2941 1270 3021 ut
1289 2946 1380 3042 fraus
1403 2945 1515 3021 minor

553 3058 731 3144 timeatur,
745 3055 877 3127 domini
896 3057 954 3127 vel
971 3058 1201 3150 procuratoris
1216 3055 1393 3130 vicinitate
1407 3058 1517 3154 sospes·

514 3209 519 3217 ·
555 3166 618 3239 aa.
630 3165 680 3235 Sit
694 3182 804 3237 autem
820 3164 875 3238 rol
891 3164 989 3239 llrata
1007 3166 1097 3241 silice
1108 3222 1121 3257 ,
1134 3168 1189 3241 vel
1208 3168 1286 3240 saxo
1306 3168 1433 3241 montis
1453 3194 1515 3241 ex·

555 3272 642 3363 cisa,
655 3274 711 3364 vel
725 3273 784 3346 sub
798 3274 872 3372 ipso
885 3275 1014 3349 triturae
1027 3294 1181 3374 tempore
1193 3276 1326 3377 ungulis
1339 3273 1516 3373 pecorum,

555 3386 598 3460 &-
615 3382 709 3483 aqu'ae
725 3385 936 3461 admixtione
958 3388 1113 3479 solidata,
1132 3388 1240 3463 clausa
1256 3388 1376 3461 deinde
1398 3391 1435 3465 δι
1455 3413 1516 3461 ro·

554 3494 658 3569 bustis
678 3494 807 3567 munira
820 3497 986 3572 cancellis
998 3517 1427 3596 propterarmentasquae,
1439 3521 1515 3570 cum

554 3601 697 3693 teritur,
712 3602 914 3680 inducimus.
930 3606 982 3680 Sit
998 3606 1087 3682 circa
1110 3608 1199 3691 hanc
1217 3606 1316 3682 locus
1335 3607 1420 3680 alter
1442 3607 1515 3704 pla·
1606 3654 1610 3659 ·

555 3709 673 3782 nus&
690 3733 817 3806 purus,
834 3710 874 3782 in¹
889 3736 989 3811 quem
1009 3713 1178 3786 frumenta
1196 3712 1360 3787 transfusa
1377 3712 1516 3811 refrige-

554 3839 693 3904 rentur,
715 3819 905 3894 &horreis
928 3819 1139 3897 inferantur:
1165 3847 1314 3921 quaeres
1337 3822 1371 3912 in
1396 3843 1515 3894 eorum

556 3930 772 4006 durabilitate
802 3928 971 4026 proficiet.
997 3933 1069 4006 Fiat
1093 3934 1215 4007 deinde
1243 3932 1516 4034 [undecunque]
1573 3978 1575 3983 -

549 4041 753 4138 ¹proximum
769 4039 911 4128 tetrum,
928 4039 1072 4114 maxime
1087 4040 1123 4113 in
1141 4039 1287 4114 humidis
1301 4038 1518 4136 regionibus:

557 4153 619 4226 sub
634 4178 704 4252 quo
722 4170 862 4248 propter
873 4151 997 4227 imbres
1012 4145 1141 4226 subitos
1159 4151 1327 4225 frumenta
1340 4154 1357 4245 (
1363 4150 1386 4222 ss
1400 4152 1516 4224 neces·-

555 4261 632 4335 srtas
652 4259 821 4364 coegerit)
836 4262 957 4357 raptim
976 4263 1034 4336 vel
1053 4264 1177 4336 munda
1190 4264 1245 4335 vel
1267 4249 1426 4334 semitrita
1448 4285 1516 4360 po·

558 4393 688 4448 uantur.
711 4373 760 4446 Sit
781 4396 891 4450 autem
912 4373 1013 4470 [area]
1034 4373 1115 4512 loco
1138 4371 1270 4450 sublimi
1289 4375 1328 4450 &
1344 4361 1515 4446 undecun-
