3875 5759
563 897 1424 1021 n2utnnnbrruurrnn
1484 1029 1488 1036 ὁ

426 1119 445 1153 ⁹
567 1099 657 1192 Quae
672 1094 792 1193 quibus
808 1090 990 1189 hospititnn
1005 1090 1159 1190 ptaessent
1173 1092 1318 1193 virgulta
1332 1096 1488 1191 doceb0,'
1519 1139 1523 1148 ⁸

615 1212 702 1303 Quae
715 1206 754 1278 stt
767 1203 937 1300 adoptivis
950 1205 1053 1278 arbor
1068 1204 1186 1279 onussa
1198 1210 1316 1287 comis.
1472 1240 1521 1293 20
1539 1270 1541 1277 .

563 1316 638 1414 {pse
660 1312 732 1410 poli
751 1312 883 1402 rector,
895 1333 966 1412 quo
981 1311 1090 1387 lucida
1109 1311 1212 1387 sidera
1232 1338 1393 1411 currunt,

575 1414 577 1420 ’
612 1427 697 1516 Quo
711 1417 779 1493 fixa
791 1419 838 1493 est
853 1421 968 1510 tellus,
982 1447 1055 1519 quo
1073 1421 1147 1495 fluit
1161 1419 1250 1498 undo
1268 1430 1389 1522 maris,

562 1535 650 1607 Cum
663 1529 770 1628 posset
788 1528 1027 1604 mixtos'rarnis
1044 1530 1203 1605 inducere
1216 1532 1339 1628 flores,

611 1644 653 1713 Et
668 1637 757 1712 varia
776 1638 953 1736 gravidum
974 1639 1109 1737 pingere
1125 1637 1246 1714 fronde
1260 1670 1399 1740 nemus,

562 1748 729 1847 Dignatus
744 1745 878 1820 nostros
895 1746 963 1819 hoc
976 1746 1133 1845 infignire
1145 1748 1293 1837 labores,
1473 1782 1518 1858 ²5

611 1860 771 1932 Naturam
786 1855 858 1930 fieri
872 1856 980 1930 sanxit
997 1858 1039 1929 ab
1056 1874 1124 1929 arte
1141 1882 1280 1934 novarn.

559 1972 644 2044 Non
664 1969 761 2067 segne
775 1967 926 2041 officiunt
944 1967 1066 2041 nossrae
1080 1992 1157 2039 reor
1170 1968 1233 2042 esse
1246 1964 1443 2067 Cnmoenae,

611 2084 678 2151 Aut
695 2075 808 2172 operis
822 2076 918 2172 parvi
930 2077 1035 2174 gratia
1050 2075 1107 2149 siet
1120 2076 1232 2173 inops.

559 2188 594 2262 si
611 2186 739 2259 velocis
752 2210 848 2281 equae
866 2185 964 2281 pigro
976 2183 1129 2256 miscetur
1144 2186 1246 2259 asello

610 2293 736 2382 Ardor,
750 2310 788 2363 ut
802 2291 836 2362 in
853 2292 995 2364 sterilem
1009 2317 1060 2365 res
1074 2292 1250 2368 cadarossa
1263 2280 1420 2395 gradum,
1471 2328 1517 2403 30
1598 2311 1607 2396 s,

502 2483 508 2498 η
558 2400 837 2497 Foecundunrque
857 2423 961 2497 genus
980 2400 1161 2496 produdus
1179 2404 1287 2477 deleat
1307 2408 1425 2497 heres,

606 2509 722 2583 Ersrbi
737 2507 900 2581 defedum
917 2509 1017 2605 copia
1032 2509 1138 2607 prolis
1152 2530 1249 2608 agat:
1425 2501 1428 2506 ⁵

552 2624 630 2696 Cur
645 2646 715 2693 non
730 2619 831 2692 arbor
843 2620 943 2715 inops
958 2618 1149 2717 pinguescat
1163 2621 1205 2693 ab
1223 2622 1353 2722 hospite
1365 2652 1517 2725 gemma,

606 2727 649 2803 Et'
664 2732 762 2805 decus
774 2729 904 2815 externi
918 2729 1012 2802 floris
1025 2730 1142 2825 adepta
1155 2730 1281 2805 micet?

555 2843 719 2937 Incipiam
730 2896 742 2930 ,
755 2841 925 2939 quidquid
936 2850 1067 2916 veteres
1082 2841 1238 2938 scripsere
1252 2845 1392 2940 coloni,'
1470 2874 1517 2954 35

605 2955 768 3046 Sacraque
781 2951 968 3045 priscorum
985 2952 1087 3024 verba
1102 2952 1219 3024 labore
1233 2953 1358 3050 sequar.

556 3064 760 3138 Pnrucwro
783 3060 902 3130 multas
917 3059 1040 3153 species
1052 3060 1212 3132 industria
1231 3061 1348 3137 sollers

603 3165 765 3252 Protulit,
776 3167 814 3239 δι
827 3165 956 3238 dodam
973 3164 1060 3259 juffit
1075 3165 1158 3237 inire
1172 3193 1323 3243 manum.

549 3261 643 3345 'Nam
661 3296 874 3369 quaecunque
890 3272 1005 3344 virens
1021 3271 1137 3344 alienis
1150 3272 1328 3350 frondibus
1342 3282 1443 3357 arbos

602 3380 782 3467 Cernitur,
799 3378 850 3451 his
864 3376 958 3452 discit
974 3379 1198 3459 creditaserre
1212 3386 1333 3461 modis.
1410 3412 1413 3420 ·
1464 3414 1514 3486 40

532 3487 622 3563 'sssut
638 3514 729 3560 nova
746 3487 890 3560 discreto
907 3484 1057 3585 figuntur
1075 3488 1225 3584 germina
1239 3491 1349 3583 libro,

601 3599 669 3667 Aut
681 3596 771 3665 aliud
786 3593 916 3667 summo
932 3596 1058 3669 robore
1070 3595 1136 3668 fissa
1151 3600 1263 3695 capit,

548 3704 619 3778 'Aut
640 3702 774 3774 virideis
788 3702 909 3784 oculos
923 3704 1052 3775 externi
1068 3729 1193 3800 gemma
1210 3712 1352 3784 rumoris

603 3811 757 3903 Accipit,
772 3810 810 3881 &
824 3810 916 3880 sento
932 3809 1102 3905 stringitur
1115 3810 1180 3883 uda
1195 3812 1275 3885 sinu.

549 3921 680 3997 Primus
694 3920 850 3995 Echionii
867 3922 993 4017 palmes
1012 3920 1044 3991 se
1058 3918 1196 4016 jungere
1210 3925 1360 3999 BnccHt
1456 3954 1512 4037 45.

500 4093 503 4099 .
532 4045 536 4054 ’
550 4115 553 4119 ¹
599 4032 780 4115 Novit‚·&
793 4048 934 4102 externo
947 4030 1093 4102 tenditur
1109 4056 1178 4103 uva
1191 4059 1297 4106 meto.

547 4140 726 4211 Nexilibus
742 4138 879 4234 gemmis
897 4138 1077 4210 foecundos
1091 4137 1241 4234 implicat
1256 4159 1348 4216 artus

520 4306 524 4314 .
597 4251 700 4332 Vitis,
720 4252 757 4321 &
775 4248 1085 4344 ampiexum‘pascit
1105 4252 1215 4323 adulta
1234 4277 1358 4350 genus,

548 4346 798 4457 Degenerisque
813 4382 921 4436 conte
938 4358 1076 4457 vestigia
1088 4359 1178 4437 mitis
1192 4362 1358 4439 inumbrat
