3875 5759
481 873 553 946 nr
638 791 1369 968 vrcrrrrrtnru'.

481 1008 633 1082 fundere.
657 1008 760 1082 Turis
782 1010 954 1107 pulverem
976 1037 1054 1085 cunr
1086 1039 1181 1092 mero
1202 1014 1272 1087 sive
1297 1038 1356 1107 per
1376 1039 1441 1087 na-

481 1141 534 1190 res
548 1116 722 1212 injeceris,
738 1121 808 1192 five
827 1146 887 1215 per
902 1145 943 1194 os
962 1122 1108 1213 dederis,
1122 1121 1265 1218 prodest.
1284 1125 1358 1196 Nec
1372 1124 1442 1195 mi·

427 1297 433 1304 .
481 1249 584 1299 nores
605 1228 779 1300 medicinae
802 1229 912 1301 bobus
928 1230 1049 1303 horum
1070 1232 1171 1328 copia
1193 1232 1442 1303 subministran-

482 1355 546 1407 tur.
562 1338 648 1408 Nam
670 1358 812 1430 porros,
826 1356 936 1432 rutam
951 1340 1114 1435 ,apium,
1138 1343 1176 1414 &
1195 1340 1330 1412 herbam
1353 1340 1442 1412 sabi·

483 1471 536 1518 nae
556 1447 578 1516 fi
592 1440 666 1539 quis
677 1443 766 1538 large
785 1442 927 1534 deterat,
943 1448 983 1519 &
996 1446 1129 1521 misceat
1144 1450 1251 1539 vino,
1265 1443 1444 1544 ternasque

483 1554 631 1625 heminas
655 1552 800 1646 praebeat
816 1551 858 1623 ad
878 1554 1065 1649 potandum
1077 1558 1348 1653 ,egrotantibus
1366 1556 1445 1628 sub·

483 1661 591 1733 venit.
610 1661 818 1758 Plurimique
843 1663 971 1736 caulem
994 1662 1177 1741 ritisalbae
1200 1666 1371 1739 concisam
1393 1684 1447 1737 at·
1497 1733 1500 1737 ,

484 1795 551 1868 que
570 1769 739 1869 serpillum
754 1771 793 1846 &
807 1769 935 1869 squillae
950 1789 1074 1866 partem
1096 1770 1129 1841 in
1151 1798 1236 1868 aqua
1251 1791 1449 1859 macerant,
1503 1840 1508 1850 ,

485 1880 662 1976 ternasque
673 1877 825 1952 heminas
842 1902 901 1974 per
914 1878 1059 1952 triduum
1070 1879 1242 1978 digerunt,
1255 1904 1331 1975 quae
1343 1880 1449 1973 potio

485 2013 644 2064 ventrem
662 1975 808 2088 purgat,
829 1989 921 2063 vires
943 2014 1082 2090 quoque
1107 1989 1294 2063 confirmat.
1315 1990 1367 2061 Ad
1390 1988 1452 2060 in-

486 2122 583 2176 terna
604 2095 721 2175 autem
741 2102 887 2175 curanda
907 2103 1075 2199 praecipue
1089 2127 1221 2176 amurca
1239 2101 1386 2174 creditur
1401 2100 1453 2171 sa·

487 2211 626 2299 lutaris,
647 2211 670 2281 sr
692 2210 889 2282 tantundem
904 2235 1001 2306 aquae
1024 2211 1185 2302 misceas,
1204 2215 1241 2284 &
1263 2208 1385 2281 animal
1401 2208 1469 2280 bi-·

489 2322 568 2393 bere
588 2318 794 2393 consuescat.
815 2321 879 2390 Sed
891 2321 969 2413 quia
982 2375 993 2409 ,
1007 2321 1085 2394 licet
1098 2322 1206 2411 srriat,
1225 2342 1345 2415 potum
1359 2319 1453 2390 sasti-

489 2428 560 2500 diat
575 2426 754 2525 ignotum,
768 2426 879 2521 primo
892 2425 960 2501 cibi
972 2426 1209 2524 asperguntur,
1225 2430 1346 2500 deinde
1367 2452 1453 2523 aqua

491 2536 613 2635 exigua
629 2533 728 2633 potio
750 2534 958 2624 medicatur,
978 2534 1019 2606 ad
1034 2535 1190 2606 ultimum
1212 2560 1278 2631 pro
1301 2536 1453 2609 mensura

492 2648 669 2737 miscetur,
686 2647 726 2721 ἃ
741 2647 843 2743 usque
866 2645 908 2717 ad
928 2644 1130 2718 saturitatem
1145 2646 1332 2718 sitientibus
1347 2646 1454 2719 datur.

493 2762 717 2856 Quocunque
732 2780 842 2831 autem
864 2775 1033 2853 tempore,
1049 2756 1103 2829 sed
1115 2756 1260 2828 maxime
1284 2756 1415 2845 aestate,
1431 2754 1454 2826 fi

494 2872 606 2943 boves
625 2870 840 2966 concitentur
858 2869 899 2940 ad
914 2867 1068 2955 cursum,
1083 2887 1139 2938 aut
1162 2867 1259 2939 alvus
1279 2891 1399 2939 eorum
1407 2864 1454 2937 ad

495 2978 680 3074 perniciem
703 2976 872 3063 solvitur,
900 2995 957 3046 aut
980 2975 1151 3046 febriculae
1179 2993 1456 3048 commoventur.

482 3090 624 3174 ¹Natura
644 3084 733 3154 enim
756 3084 911 3178 pigrum,
926 3088 963 3156 &
983 3085 1091 3155 labori
1112 3084 1338 3188 potiusquam
1358 3084 1458 3155 velo·

496 3194 589 3267 citari
615 3193 903 3279 accommodum,
929 3192 1149 3292 uehementer
1176 3193 1331 3277 laedirur,
1357 3193 1381 3262 si
1413 3193 1456 3263 ad

498 3326 587 3400 opus
608 3324 750 3399 cogatur
771 3297 948 3373 insuetum.
967 3300 1199 3374 Periculosum
1224 3325 1358 3399 quoque
1378 3301 1452 3389 est,

498 3411 525 3484 si
544 3412 586 3488 ad
604 3408 764 3507 praesepia
789 3408 861 3481 sues
883 3429 941 3481 aut
961 3409 1093 3509 gallinae
1119 3410 1340 3505 pervenerint.
1364 3411 1455 3481 Nam

499 3521 564 3597 b'os
572 3576 586 3612 ‚
604 3548 682 3612 cum
699 3520 830 3619 gallinae
844 3518 959 3594 simum
974 3521 1062 3610 inter
1077 3522 1198 3616 pabula
1211 3519 1357 3595 sumserit
1371 3521 1458 3611 ,sa-

467 3636 469 3642 '
499 3635 562 3705 tim
590 3631 697 3705 nimio
723 3632 850 3705 ventris
878 3633 998 3705 dolore
1025 3652 1229 3728 torquetur,
1260 3632 1460 3728 inflatusque

400 3781 402 3786 ·
445 3809 447 3814 .
503 3742 660 3817 moritur.
681 3743 736 3815 cui
765 3740 1145 3822 hacratione'succurri
1167 3745 1355 3818 convenit:
1380 3744 1460 3840 apii

501 3851 637 3926 seminis
659 3853 775 3923 uncias
797 3853 968 3947 3,cimini
988 3853 1164 3924 sextarium
1189 3854 1307 3948 semis,
1323 3860 1360 3926 &
1380 3856 1461 3927 duas

502 3965 563 4039 lib.
584 3964 691 4036 mellis
710 3964 908 4036 commisces
919 4019 930 4054 ,
941 3968 982 4039 ,δι
994 3965 1144 4059 tepidum
1161 3991 1218 4060 per
1231 3989 1269 4036 os
1282 3963 1461 4051 infundes,

503 4097 544 4145 ac
561 4072 701 4143 tamdiu
722 4056 897 4143 ambulare
910 4072 1107 4167 compellis,
1120 4076 1157 4147 dc
1171 4071 1339 4149 confricas
1353 4072 1463 4142 mani·

505 4180 568 4251 bus
593 4178 842 4273 plurimorum,
869 4180 979 4250 donec
1006 4201 1157 4253 ventrem
1185 4178 1284 4275 potio
1309 4197 1464 4251 moveat.

506 4288 602 4360 Gisni
623 4310 764 4385 quoque
786 4310 863 4359 cum
884 4288 971 4362 vino
995 4286 1166 4377 deterere,
1188 4290 1301 4384 &per
1323 4311 1363 4359 os
1385 4286 1465 4360 dare
