<?xml version="1.0" encoding="UTF-8"?>
<!DOCTYPE html PUBLIC "-//W3C//DTD XHTML 1.0 Transitional//EN"
    "http://www.w3.org/TR/xhtml1/DTD/xhtml1-transitional.dtd">
<html xmlns="http://www.w3.org/1999/xhtml" xml:lang="en" lang="en">
 <head>
  <title>
</title>
<meta http-equiv="Content-Type" content="text/html;charset=utf-8" />
  <meta name='ocr-system' content='tesseract 3.04.00' />
  <meta name='ocr-capabilities' content='ocr_page ocr_carea ocr_par ocr_line ocrx_word'/>
</head>
<body>
  <div class='ocr_page' id='page_1' title='image "./scriptoresreiru00gesngoog_0108.png"; bbox 0 0 3875 5759; ppageno 0'>
   <div class='ocr_carea' id='block_1_1' title="bbox 497 870 1363 1006">
    <p class='ocr_par' dir='ltr' id='par_1_1' title="bbox 497 870 1363 1032">
     <span class='ocr_line' id='line_1_1' title="bbox 497 870 1363 1006; baseline 0.006 -5"><span class='ocrx_word' id='word_1_1' title='bbox 497 870 1363 1006; x_wconf 74' lang='lat' dir='ltr'>100paa-Laor1uuara11</span> 
     </span>
    </p>
   </div>
   <div class='ocr_carea' id='block_1_2' title="bbox 388 1086 1527 4134">
    <p class='ocr_par' dir='ltr' id='par_1_2' title="bbox 481 1086 1527 3042">
     <span class='ocr_line' id='line_1_2' title="bbox 491 1086 1458 1182; baseline 0.001 -14"><span class='ocrx_word' id='word_1_2' title='bbox 491 1110 598 1180; x_wconf 85' lang='lat' dir='ltr'>terra,</span> <span class='ocrx_word' id='word_1_3' title='bbox 615 1089 745 1163; x_wconf 86' lang='lat' dir='ltr'>tantum</span> <span class='ocrx_word' id='word_1_4' title='bbox 766 1086 894 1162; x_wconf 85' lang='lat' dir='ltr'>findere</span> <span class='ocrx_word' id='word_1_5' title='bbox 916 1088 1131 1182; x_wconf 84' lang='lat' dir='ltr'>debebimus,</span> <span class='ocrx_word' id='word_1_6' title='bbox 1144 1092 1182 1165; x_wconf 91' lang='lat'><strong>&amp;</strong></span> <span class='ocrx_word' id='word_1_7' title='bbox 1197 1092 1342 1166; x_wconf 86' lang='lat' dir='ltr'>medulla</span> <span class='ocrx_word' id='word_1_8' title='bbox 1361 1095 1458 1169; x_wconf 90' lang='lat' dir='ltr'>omni</span> 
     </span>
     <span class='ocr_line' id='line_1_3' title="bbox 489 1198 1459 1297; baseline 0 -19"><span class='ocrx_word' id='word_1_9' title='bbox 489 1204 639 1290; x_wconf 86' lang='lat' dir='ltr'>sublata,</span> <span class='ocrx_word' id='word_1_10' title='bbox 653 1225 691 1273; x_wconf 86' lang='lat' dir='ltr'>ac</span> <span class='ocrx_word' id='word_1_11' title='bbox 711 1198 890 1297; x_wconf 78' lang='lat' dir='ltr'>diligenter</span> <span class='ocrx_word' id='word_1_12' title='bbox 899 1199 1069 1297; x_wconf 84' lang='lat' dir='ltr'>exscalpra</span> <span class='ocrx_word' id='word_1_13' title='bbox 1078 1255 1090 1290; x_wconf 90' lang='lat'><strong><em>,</em></strong></span> <span class='ocrx_word' id='word_1_14' title='bbox 1105 1204 1254 1275; x_wconf 90' lang='lat' dir='ltr'>membra</span> <span class='ocrx_word' id='word_1_15' title='bbox 1270 1202 1390 1277; x_wconf 89' lang='lat' dir='ltr'>iterum</span> <span class='ocrx_word' id='word_1_16' title='bbox 1406 1206 1459 1278; x_wconf 92' lang='lat' dir='ltr'>di·</span> 
     </span>
     <span class='ocr_line' id='line_1_4' title="bbox 491 1308 1527 1411; baseline 0.004 -27"><span class='ocrx_word' id='word_1_17' title='bbox 491 1310 571 1384; x_wconf 82' lang='lat' dir='ltr'>visae</span> <span class='ocrx_word' id='word_1_18' title='bbox 598 1308 699 1404; x_wconf 85' lang='lat' dir='ltr'>partis</span> <span class='ocrx_word' id='word_1_19' title='bbox 724 1308 893 1397; x_wconf 90' lang='lat' dir='ltr'>adunare,</span> <span class='ocrx_word' id='word_1_20' title='bbox 920 1310 957 1381; x_wconf 91' lang='lat'><strong>&amp;</strong></span> <span class='ocrx_word' id='word_1_21' title='bbox 982 1309 1128 1383; x_wconf 79' lang='lat' dir='ltr'>vinculo</span> <span class='ocrx_word' id='word_1_22' title='bbox 1151 1312 1329 1388; x_wconf 74' lang='lat' dir='ltr'>constricta</span> <span class='ocrx_word' id='word_1_23' title='bbox 1355 1316 1460 1411; x_wconf 87' lang='lat' dir='ltr'>depo·</span> <span class='ocrx_word' id='word_1_24' title='bbox 1521 1385 1527 1396; x_wconf 85' lang='grc'>,</span> 
     </span>
     <span class='ocr_line' id='line_1_5' title="bbox 489 1416 1458 1516; baseline -0.002 -22"><span class='ocrx_word' id='word_1_25' title='bbox 489 1444 582 1495; x_wconf 89' lang='lat' dir='ltr'>nere.</span> <span class='ocrx_word' id='word_1_26' title='bbox 600 1416 786 1490; x_wconf 79' lang='lat' dir='ltr'>Vinculum</span> <span class='ocrx_word' id='word_1_27' title='bbox 802 1434 912 1489; x_wconf 86' lang='lat' dir='ltr'>tamen</span> <span class='ocrx_word' id='word_1_28' title='bbox 934 1442 1071 1516; x_wconf 81' lang='lat' dir='ltr'>papyro</span> <span class='ocrx_word' id='word_1_29' title='bbox 1089 1418 1234 1496; x_wconf 73' lang='lat' dir='ltr'>afferunt</span> <span class='ocrx_word' id='word_1_30' title='bbox 1249 1422 1315 1495; x_wconf 87' lang='lat' dir='ltr'>esse</span> <span class='ocrx_word' id='word_1_31' title='bbox 1328 1423 1458 1496; x_wconf 84' lang='lat' dir='ltr'>facien-</span> 
     </span>
     <span class='ocr_line' id='line_1_6' title="bbox 481 1524 1459 1626; baseline -0.001 -22"><span class='ocrx_word' id='word_1_32' title='bbox 481 1532 592 1613; x_wconf 91' lang='lat' dir='ltr'>dum,</span> <span class='ocrx_word' id='word_1_33' title='bbox 606 1528 645 1601; x_wconf 91' lang='lat'>&amp;</span> <span class='ocrx_word' id='word_1_34' title='bbox 662 1526 707 1599; x_wconf 88' lang='lat' dir='ltr'>fic</span> <span class='ocrx_word' id='word_1_35' title='bbox 728 1524 762 1597; x_wconf 91' lang='lat' dir='ltr'>in</span> <span class='ocrx_word' id='word_1_36' title='bbox 781 1525 919 1598; x_wconf 91' lang='lat' dir='ltr'>humida</span> <span class='ocrx_word' id='word_1_37' title='bbox 937 1550 1026 1614; x_wconf 70' lang='lat' dir='ltr'>perra</span> <span class='ocrx_word' id='word_1_38' title='bbox 1047 1528 1112 1602; x_wconf 79' lang='lat' dir='ltr'>effe</span> <span class='ocrx_word' id='word_1_39' title='bbox 1134 1532 1343 1626; x_wconf 91' lang='lat' dir='ltr'>ponendum.</span> <span class='ocrx_word' id='word_1_40' title='bbox 1365 1532 1459 1605; x_wconf 91' lang='lat' dir='ltr'>Dili-</span> 
     </span>
     <span class='ocr_line' id='line_1_7' title="bbox 490 1632 1459 1735; baseline 0.002 -27"><span class='ocrx_word' id='word_1_41' title='bbox 490 1637 621 1735; x_wconf 85' lang='lat' dir='ltr'>gentius</span> <span class='ocrx_word' id='word_1_42' title='bbox 633 1633 769 1731; x_wconf 87' lang='lat' dir='ltr'>quidam</span> <span class='ocrx_word' id='word_1_43' title='bbox 785 1632 986 1707; x_wconf 86' lang='lat' dir='ltr'>sarmentum</span> <span class='ocrx_word' id='word_1_44' title='bbox 1002 1636 1385 1733; x_wconf 68' lang='lat' dir='ltr'>revindum,quantum</span> <span class='ocrx_word' id='word_1_45' title='bbox 1400 1665 1459 1710; x_wconf 81' lang='lat' dir='ltr'>ex·</span> 
     </span>
     <span class='ocr_line' id='line_1_8' title="bbox 489 1742 1457 1842; baseline 0.001 -22"><span class='ocrx_word' id='word_1_46' title='bbox 489 1744 595 1822; x_wconf 88' lang='lat' dir='ltr'>cisum</span> <span class='ocrx_word' id='word_1_47' title='bbox 612 1743 679 1834; x_wconf 80' lang='lat' dir='ltr'>esi,</span> <span class='ocrx_word' id='word_1_48' title='bbox 697 1742 785 1815; x_wconf 89' lang='lat' dir='ltr'>intra</span> <span class='ocrx_word' id='word_1_49' title='bbox 809 1743 938 1839; x_wconf 84' lang='lat' dir='ltr'>squillae</span> <span class='ocrx_word' id='word_1_50' title='bbox 957 1744 1097 1818; x_wconf 89' lang='lat' dir='ltr'>bulbum</span> <span class='ocrx_word' id='word_1_51' title='bbox 1117 1745 1337 1842; x_wconf 80' lang='lat' dir='ltr'>demergunt,</span> <span class='ocrx_word' id='word_1_52' title='bbox 1358 1748 1457 1840; x_wconf 85' lang='lat' dir='ltr'>cujus</span> 
     </span>
     <span class='ocr_line' id='line_1_9' title="bbox 489 1844 1458 1950; baseline -0.003 -20"><span class='ocrx_word' id='word_1_53' title='bbox 489 1850 657 1930; x_wconf 85' lang='lat' dir='ltr'>beneficio</span> <span class='ocrx_word' id='word_1_54' title='bbox 671 1844 899 1925; x_wconf 70' lang='lat' dir='ltr'>afferunt&#39;sata</span> <span class='ocrx_word' id='word_1_55' title='bbox 917 1853 1034 1925; x_wconf 91' lang='lat' dir='ltr'>omnia</span> <span class='ocrx_word' id='word_1_56' title='bbox 1057 1854 1345 1949; x_wconf 81' lang='lat' dir='ltr'>comprehendere</span> <span class='ocrx_word' id='word_1_57' title='bbox 1364 1856 1458 1950; x_wconf 76' lang='lat' dir='ltr'>porse</span> 
     </span>
     <span class='ocr_line' id='line_1_10' title="bbox 490 1961 1457 2061; baseline -0.004 -21"><span class='ocrx_word' id='word_1_58' title='bbox 490 1962 632 2040; x_wconf 75' lang='lat' dir='ltr'>facilius.</span> <span class='ocrx_word' id='word_1_59' title='bbox 646 1961 715 2034; x_wconf 87' lang='lat' dir='ltr'>Alii</span> <span class='ocrx_word' id='word_1_60' title='bbox 728 1980 902 2057; x_wconf 89' lang='lat' dir='ltr'>tempore,</span> <span class='ocrx_word' id='word_1_61' title='bbox 918 1987 990 2061; x_wconf 90' lang='lat' dir='ltr'>quo</span> <span class='ocrx_word' id='word_1_62' title='bbox 1007 1961 1094 2035; x_wconf 81' lang='lat' dir='ltr'>vites</span> <span class='ocrx_word' id='word_1_63' title='bbox 1108 1981 1243 2058; x_wconf 88' lang='lat' dir='ltr'>putant,</span> <span class='ocrx_word' id='word_1_64' title='bbox 1256 1962 1457 2036; x_wconf 84' lang='lat' dir='ltr'>sarmentum</span> 
     </span>
     <span class='ocr_line' id='line_1_11' title="bbox 489 2068 1458 2167; baseline 0.002 -24"><span class='ocrx_word' id='word_1_65' title='bbox 489 2069 698 2144; x_wconf 71' lang='lat' dir='ltr'>frudiserum</span> <span class='ocrx_word' id='word_1_66' title='bbox 715 2086 841 2164; x_wconf 77' lang='lat' dir='ltr'>putatae</span> <span class='ocrx_word' id='word_1_67' title='bbox 854 2068 935 2141; x_wconf 90' lang='lat' dir='ltr'>vitis</span> <span class='ocrx_word' id='word_1_68' title='bbox 950 2071 986 2140; x_wconf 93' lang='lat' dir='ltr'>in</span> <span class='ocrx_word' id='word_1_69' title='bbox 1008 2068 1077 2164; x_wconf 79' lang='lat' dir='ltr'>ipsa</span> <span class='ocrx_word' id='word_1_70' title='bbox 1095 2069 1187 2160; x_wconf 89' lang='lat' dir='ltr'>vite,</span> <span class='ocrx_word' id='word_1_71' title='bbox 1201 2095 1307 2167; x_wconf 81' lang='lat' dir='ltr'>quam·</span> <span class='ocrx_word' id='word_1_72' title='bbox 1321 2070 1458 2166; x_wconf 77' lang='lat' dir='ltr'>possunt</span> 
     </span>
     <span class='ocr_line' id='line_1_12' title="bbox 489 2167 1461 2265; baseline 0.001 -12"><span class='ocrx_word' id='word_1_73' title='bbox 489 2181 531 2253; x_wconf 89' lang='lat' dir='ltr'>de</span> <span class='ocrx_word' id='word_1_74' title='bbox 547 2167 617 2253; x_wconf 85' lang='lat' dir='ltr'>alto</span> <span class='ocrx_word' id='word_1_75' title='bbox 639 2173 771 2249; x_wconf 80' lang='lat' dir='ltr'>sublata</span> <span class='ocrx_word' id='word_1_76' title='bbox 784 2176 931 2252; x_wconf 75' lang='lat' dir='ltr'>medulla</span> <span class='ocrx_word' id='word_1_77' title='bbox 955 2196 1126 2250; x_wconf 87' lang='lat' dir='ltr'>excavant</span> <span class='ocrx_word' id='word_1_78' title='bbox 1144 2204 1216 2251; x_wconf 89' lang='lat' dir='ltr'>nou</span> <span class='ocrx_word' id='word_1_79' title='bbox 1240 2179 1405 2265; x_wconf 86' lang='lat' dir='ltr'>divisum,</span> <span class='ocrx_word' id='word_1_80' title='bbox 1418 2184 1461 2254; x_wconf 62' lang='lat' dir='ltr'>dcv</span> 
     </span>
     <span class='ocr_line' id='line_1_13' title="bbox 489 2286 1457 2383; baseline 0.001 -17"><span class='ocrx_word' id='word_1_81' title='bbox 489 2290 621 2366; x_wconf 81' lang='lat' dir='ltr'>calamo</span> <span class='ocrx_word' id='word_1_82' title='bbox 642 2286 746 2362; x_wconf 82' lang='lat' dir='ltr'>affixo</span> <span class='ocrx_word' id='word_1_83' title='bbox 768 2286 925 2383; x_wconf 84' lang='lat' dir='ltr'>alligant,</span> <span class='ocrx_word' id='word_1_84' title='bbox 939 2311 982 2358; x_wconf 91' lang='lat' dir='ltr'>ne</span> <span class='ocrx_word' id='word_1_85' title='bbox 1002 2286 1101 2382; x_wconf 89' lang='lat' dir='ltr'>poffit</span> <span class='ocrx_word' id='word_1_86' title='bbox 1116 2288 1252 2361; x_wconf 89' lang='lat' dir='ltr'>inverti.</span> <span class='ocrx_word' id='word_1_87' title='bbox 1271 2290 1374 2363; x_wconf 89' lang='lat' dir='ltr'>Tunc</span> <span class='ocrx_word' id='word_1_88' title='bbox 1388 2304 1457 2367; x_wconf 67' lang='lat' dir='ltr'>tatu</span> 
     </span>
     <span class='ocr_line' id='line_1_14' title="bbox 486 2387 1479 2493; baseline 0.002 -23"><span class='ocrx_word' id='word_1_89' title='bbox 486 2411 673 2493; x_wconf 60' lang='lat' dir='ltr'>reparemur,</span> <span class='ocrx_word' id='word_1_90' title='bbox 694 2396 789 2491; x_wconf 92' lang='lat' dir='ltr'>quod</span> <span class='ocrx_word' id='word_1_91' title='bbox 812 2395 926 2468; x_wconf 82' lang='lat' dir='ltr'>Graeci</span> <span class='ocrx_word' id='word_1_92' title='bbox 950 2394 996 2468; x_wconf 85' lang='lat' dir='ltr'>fic</span> <span class='ocrx_word' id='word_1_93' title='bbox 1019 2397 1211 2491; x_wconf 88' lang='lat' dir='ltr'>appellant,</span> <span class='ocrx_word' id='word_1_94' title='bbox 1231 2398 1267 2469; x_wconf 93' lang='lat' dir='ltr'>in</span> <span class='ocrx_word' id='word_1_95' title='bbox 1292 2420 1456 2473; x_wconf 82' lang='lat' dir='ltr'>excavata</span> <span class='ocrx_word' id='word_1_96' title='bbox 1478 2387 1479 2392; x_wconf 6' lang='grc' dir='ltr'>ἵ</span> 
     </span>
     <span class='ocr_line' id='line_1_15' title="bbox 487 2495 1456 2608; baseline 0.004 -31"><span class='ocrx_word' id='word_1_97' title='bbox 487 2525 582 2601; x_wconf 89' lang='lat' dir='ltr'>parre</span> <span class='ocrx_word' id='word_1_98' title='bbox 602 2503 821 2593; x_wconf 90' lang='lat' dir='ltr'>suffundunt,</span> <span class='ocrx_word' id='word_1_99' title='bbox 835 2528 880 2576; x_wconf 83' lang='lat' dir='ltr'>ex</span> <span class='ocrx_word' id='word_1_100' title='bbox 897 2527 983 2600; x_wconf 89' lang='lat' dir='ltr'>aqua</span> <span class='ocrx_word' id='word_1_101' title='bbox 1002 2495 1095 2601; x_wconf 90' lang='lat' dir='ltr'>prius</span> <span class='ocrx_word' id='word_1_102' title='bbox 1114 2505 1156 2577; x_wconf 88' lang='lat' dir='ltr'>ad</span> <span class='ocrx_word' id='word_1_103' title='bbox 1174 2505 1259 2602; x_wconf 85' lang='lat' dir='ltr'>sapae</span> <span class='ocrx_word' id='word_1_104' title='bbox 1279 2507 1456 2608; x_wconf 85' lang='lat' dir='ltr'>pinguedi-</span> 
     </span>
     <span class='ocr_line' id='line_1_16' title="bbox 487 2609 1456 2705; baseline 0.003 -21"><span class='ocrx_word' id='word_1_105' title='bbox 487 2637 566 2684; x_wconf 88' lang='lat' dir='ltr'>nem</span> <span class='ocrx_word' id='word_1_106' title='bbox 590 2610 797 2700; x_wconf 88' lang='lat' dir='ltr'>resolutum‚</span> <span class='ocrx_word' id='word_1_107' title='bbox 817 2613 856 2684; x_wconf 78' lang='grc' dir='ltr'>δι</span> <span class='ocrx_word' id='word_1_108' title='bbox 878 2610 948 2684; x_wconf 90' lang='lat' dir='ltr'>hoc</span> <span class='ocrx_word' id='word_1_109' title='bbox 958 2609 1138 2686; x_wconf 73' lang='lat' dir='ltr'>,transactis</span> <span class='ocrx_word' id='word_1_110' title='bbox 1161 2612 1296 2685; x_wconf 75' lang='lat' dir='ltr'>octonis</span> <span class='ocrx_word' id='word_1_111' title='bbox 1316 2616 1456 2705; x_wconf 86' lang='lat' dir='ltr'>diebus,</span> 
     </span>
     <span class='ocr_line' id='line_1_17' title="bbox 487 2719 1455 2820; baseline 0.009 -27"><span class='ocrx_word' id='word_1_112' title='bbox 487 2720 616 2817; x_wconf 86' lang='lat' dir='ltr'>semper</span> <span class='ocrx_word' id='word_1_113' title='bbox 628 2739 821 2816; x_wconf 88' lang='lat' dir='ltr'>renovant,</span> <span class='ocrx_word' id='word_1_114' title='bbox 837 2721 948 2795; x_wconf 89' lang='lat' dir='ltr'>donec</span> <span class='ocrx_word' id='word_1_115' title='bbox 964 2719 1046 2794; x_wconf 84' lang='lat' dir='ltr'>vitis</span> <span class='ocrx_word' id='word_1_116' title='bbox 1059 2721 1210 2819; x_wconf 85' lang='lat' dir='ltr'>germina</span> <span class='ocrx_word' id='word_1_117' title='bbox 1223 2724 1361 2797; x_wconf 87' lang='lat' dir='ltr'>novella</span> <span class='ocrx_word' id='word_1_118' title='bbox 1374 2750 1455 2820; x_wconf 87' lang='lat' dir='ltr'>pro·.</span> 
     </span>
     <span class='ocr_line' id='line_1_18' title="bbox 487 2811 1456 2930; baseline 0.002 -24"><span class='ocrx_word' id='word_1_119' title='bbox 487 2833 618 2906; x_wconf 86' lang='lat' dir='ltr'>cedant.</span> <span class='ocrx_word' id='word_1_120' title='bbox 636 2834 679 2903; x_wconf 89' lang='lat' dir='ltr'>Et</span> <span class='ocrx_word' id='word_1_121' title='bbox 697 2831 732 2903; x_wconf 91' lang='lat' dir='ltr'>in</span> <span class='ocrx_word' id='word_1_122' title='bbox 751 2811 896 2930; x_wconf 77' lang='lat' dir='ltr'>gianaris</span> <span class='ocrx_word' id='word_1_123' title='bbox 911 2829 1006 2903; x_wconf 86' lang='lat' dir='ltr'>malis</span> <span class='ocrx_word' id='word_1_124' title='bbox 1027 2828 1100 2904; x_wconf 88' lang='lat' dir='ltr'>fieri</span> <span class='ocrx_word' id='word_1_125' title='bbox 1114 2833 1183 2907; x_wconf 91' lang='lat' dir='ltr'>hoc</span> <span class='ocrx_word' id='word_1_126' title='bbox 1201 2834 1293 2930; x_wconf 82' lang='lat' dir='ltr'>poffe</span> <span class='ocrx_word' id='word_1_127' title='bbox 1306 2832 1456 2910; x_wconf 87' lang='lat' dir='ltr'>firmatur</span> 
     </span>
     <span class='ocr_line' id='line_1_19' title="bbox 488 2941 1288 3042; baseline 0.004 -24"><span class='ocrx_word' id='word_1_128' title='bbox 488 2969 508 3018; x_wconf 82' lang='lat' dir='ltr'>a</span> <span class='ocrx_word' id='word_1_129' title='bbox 526 2944 678 3031; x_wconf 79' lang='lat' dir='ltr'>Graecis,</span> <span class='ocrx_word' id='word_1_130' title='bbox 693 2945 730 3016; x_wconf 75' lang='grc' dir='ltr'>δι</span> <span class='ocrx_word' id='word_1_131' title='bbox 745 2941 782 3014; x_wconf 95' lang='lat' dir='ltr'>in</span> <span class='ocrx_word' id='word_1_132' title='bbox 797 2943 926 3017; x_wconf 77' lang='lat' dir='ltr'>cerasis.</span> <span class='ocrx_word' id='word_1_133' title='bbox 946 2944 1046 3039; x_wconf 91' lang='lat' dir='ltr'>Opus</span> <span class='ocrx_word' id='word_1_134' title='bbox 1063 2944 1110 3016; x_wconf 85' lang='lat' dir='ltr'>est</span> <span class='ocrx_word' id='word_1_135' title='bbox 1130 2945 1288 3042; x_wconf 80' lang='lat' dir='ltr'>experiri.</span> 
     </span>
    </p>

    <p class='ocr_par' dir='ltr' id='par_1_3' title="bbox 388 3043 1455 4134">
     <span class='ocr_line' id='line_1_20' title="bbox 543 3043 1455 3147; baseline 0.003 -23"><span class='ocrx_word' id='word_1_136' title='bbox 543 3050 663 3124; x_wconf 86' lang='lat' dir='ltr'>XXX.</span> <span class='ocrx_word' id='word_1_137' title='bbox 691 3043 807 3137; x_wconf 85' lang='lat' dir='ltr'>Vites,</span> <span class='ocrx_word' id='word_1_138' title='bbox 832 3076 908 3147; x_wconf 86' lang='lat' dir='ltr'>quae</span> <span class='ocrx_word' id='word_1_139' title='bbox 934 3050 1147 3127; x_wconf 86' lang='lat' dir='ltr'>lacrimarum</span> <span class='ocrx_word' id='word_1_140' title='bbox 1168 3054 1338 3128; x_wconf 87' lang='lat' dir='ltr'>nimietate</span> <span class='ocrx_word' id='word_1_141' title='bbox 1361 3056 1455 3128; x_wconf 91' lang='lat' dir='ltr'>tabe·</span> 
     </span>
     <span class='ocr_line' id='line_1_21' title="bbox 403 3158 1454 3255; baseline 0.002 -22"><span class='ocrx_word' id='word_1_142' title='bbox 403 3213 406 3219; x_wconf 81' lang='lat'><em>·</em></span> <span class='ocrx_word' id='word_1_143' title='bbox 487 3158 602 3243; x_wconf 85' lang='lat' dir='ltr'>scunt,</span> <span class='ocrx_word' id='word_1_144' title='bbox 623 3163 661 3234; x_wconf 92' lang='lat'><strong>&amp;</strong></span> <span class='ocrx_word' id='word_1_145' title='bbox 682 3158 897 3255; x_wconf 88' lang='lat' dir='ltr'>deplorando</span> <span class='ocrx_word' id='word_1_146' title='bbox 924 3162 995 3237; x_wconf 89' lang='lat' dir='ltr'>vim</span> <span class='ocrx_word' id='word_1_147' title='bbox 1019 3161 1156 3236; x_wconf 87' lang='lat' dir='ltr'>roboris</span> <span class='ocrx_word' id='word_1_148' title='bbox 1181 3161 1229 3231; x_wconf 91' lang='lat' dir='ltr'>sui</span> <span class='ocrx_word' id='word_1_149' title='bbox 1255 3180 1413 3234; x_wconf 88' lang='lat' dir='ltr'>avertunt</span> <span class='ocrx_word' id='word_1_150' title='bbox 1435 3190 1454 3235; x_wconf 90' lang='lat' dir='ltr'>a</span> 
     </span>
     <span class='ocr_line' id='line_1_22' title="bbox 388 3268 1455 3372; baseline 0 -28"><span class='ocrx_word' id='word_1_151' title='bbox 388 3365 391 3372; x_wconf 24' lang='grc' dir='ltr'>Ι</span> <span class='ocrx_word' id='word_1_152' title='bbox 440 3339 443 3347; x_wconf 83' lang='grc'><strong>,</strong></span> <span class='ocrx_word' id='word_1_153' title='bbox 486 3270 616 3358; x_wconf 71' lang='lat' dir='ltr'>srudu,</span> <span class='ocrx_word' id='word_1_154' title='bbox 630 3288 755 3344; x_wconf 90' lang='lat' dir='ltr'>trunco</span> <span class='ocrx_word' id='word_1_155' title='bbox 763 3294 881 3346; x_wconf 86' lang='lat' dir='ltr'>earum</span> <span class='ocrx_word' id='word_1_156' title='bbox 901 3271 1049 3346; x_wconf 88' lang='lat' dir='ltr'>lacerato</span> <span class='ocrx_word' id='word_1_157' title='bbox 1063 3269 1178 3343; x_wconf 79' lang='lat' dir='ltr'>Graeci</span> <span class='ocrx_word' id='word_1_158' title='bbox 1196 3270 1301 3341; x_wconf 89' lang='lat' dir='ltr'>smum</span> <span class='ocrx_word' id='word_1_159' title='bbox 1317 3268 1389 3342; x_wconf 89' lang='lat' dir='ltr'>sieri</span> <span class='ocrx_word' id='word_1_160' title='bbox 1402 3272 1455 3362; x_wconf 78' lang='lat' dir='ltr'>ju·</span> 
     </span>
     <span class='ocr_line' id='line_1_23' title="bbox 486 3376 1451 3476; baseline -0.001 -23"><span class='ocrx_word' id='word_1_161' title='bbox 486 3383 577 3472; x_wconf 80' lang='lat' dir='ltr'>bent.</span> <span class='ocrx_word' id='word_1_162' title='bbox 597 3380 704 3454; x_wconf 83' lang='lat' dir='ltr'>fihoc</span> <span class='ocrx_word' id='word_1_163' title='bbox 719 3379 832 3453; x_wconf 90' lang='lat' dir='ltr'>minus</span> <span class='ocrx_word' id='word_1_164' title='bbox 845 3381 1021 3476; x_wconf 86' lang='lat' dir='ltr'>proderit,</span> <span class='ocrx_word' id='word_1_165' title='bbox 1035 3377 1183 3453; x_wconf 87' lang='lat' dir='ltr'>radicum</span> <span class='ocrx_word' id='word_1_166' title='bbox 1205 3376 1311 3449; x_wconf 90' lang='lat' dir='ltr'>robur</span> <span class='ocrx_word' id='word_1_167' title='bbox 1326 3379 1451 3476; x_wconf 82' lang='lat' dir='ltr'>pingue</span> 
     </span>
     <span class='ocr_line' id='line_1_24' title="bbox 486 3486 1454 3582; baseline -0.002 -20"><span class='ocrx_word' id='word_1_168' title='bbox 486 3490 655 3579; x_wconf 86' lang='lat' dir='ltr'>rescindi,</span> <span class='ocrx_word' id='word_1_169' title='bbox 673 3505 711 3562; x_wconf 89' lang='lat' dir='ltr'>ut</span> <span class='ocrx_word' id='word_1_170' title='bbox 731 3489 848 3562; x_wconf 89' lang='lat' dir='ltr'>afferat</span> <span class='ocrx_word' id='word_1_171' title='bbox 871 3490 1074 3564; x_wconf 87' lang='lat' dir='ltr'>medicinam</span> <span class='ocrx_word' id='word_1_172' title='bbox 1099 3487 1225 3559; x_wconf 85' lang='lat' dir='ltr'>vulnus</span> <span class='ocrx_word' id='word_1_173' title='bbox 1250 3486 1454 3582; x_wconf 82' lang='lat' dir='ltr'>impressum.</span> 
     </span>
     <span class='ocr_line' id='line_1_25' title="bbox 485 3599 1451 3675; baseline -0.004 0"><span class='ocrx_word' id='word_1_174' title='bbox 485 3620 569 3675; x_wconf 89' lang='lat' dir='ltr'>tunc</span> <span class='ocrx_word' id='word_1_175' title='bbox 597 3599 718 3673; x_wconf 81' lang='lat' dir='ltr'>insulsa</span> <span class='ocrx_word' id='word_1_176' title='bbox 736 3625 873 3674; x_wconf 89' lang='lat' dir='ltr'>amurca</span> <span class='ocrx_word' id='word_1_177' title='bbox 894 3600 936 3673; x_wconf 87' lang='lat' dir='ltr'>ad</span> <span class='ocrx_word' id='word_1_178' title='bbox 957 3599 1169 3673; x_wconf 87' lang='lat' dir='ltr'>medietatem</span> <span class='ocrx_word' id='word_1_179' title='bbox 1190 3599 1329 3672; x_wconf 71' lang='lat' dir='ltr'>decoda</span> <span class='ocrx_word' id='word_1_180' title='bbox 1343 3602 1381 3671; x_wconf 75' lang='grc' dir='ltr'>δι</span> <span class='ocrx_word' id='word_1_181' title='bbox 1397 3626 1451 3671; x_wconf 88' lang='lat' dir='ltr'>re-</span> 
     </span>
     <span class='ocr_line' id='line_1_26' title="bbox 484 3708 1452 3809; baseline 0 -26"><span class='ocrx_word' id='word_1_182' title='bbox 484 3711 661 3809; x_wconf 83' lang='lat' dir='ltr'>frigerata,</span> <span class='ocrx_word' id='word_1_183' title='bbox 676 3712 780 3809; x_wconf 82' lang='lat' dir='ltr'>plagae</span> <span class='ocrx_word' id='word_1_184' title='bbox 799 3711 926 3804; x_wconf 82' lang='lat' dir='ltr'>exeisro</span> <span class='ocrx_word' id='word_1_185' title='bbox 946 3708 1151 3809; x_wconf 87' lang='lat' dir='ltr'>perlinetur,</span> <span class='ocrx_word' id='word_1_186' title='bbox 1167 3710 1277 3782; x_wconf 89' lang='lat' dir='ltr'>&amp;sub</span> <span class='ocrx_word' id='word_1_187' title='bbox 1293 3711 1356 3783; x_wconf 88' lang='lat' dir='ltr'>hac</span> <span class='ocrx_word' id='word_1_188' title='bbox 1376 3736 1452 3783; x_wconf 85' lang='lat' dir='ltr'>ace-</span> 
     </span>
     <span class='ocr_line' id='line_1_27' title="bbox 485 3820 907 3895; baseline -0.007 -1"><span class='ocrx_word' id='word_1_189' title='bbox 485 3838 556 3894; x_wconf 89' lang='lat' dir='ltr'>tum</span> <span class='ocrx_word' id='word_1_190' title='bbox 581 3846 657 3894; x_wconf 88' lang='lat' dir='ltr'>acre</span> <span class='ocrx_word' id='word_1_191' title='bbox 676 3820 846 3895; x_wconf 88' lang='lat' dir='ltr'>fundatur.</span> <span class='ocrx_word' id='word_1_192' title='bbox 905 3861 907 3865; x_wconf 16' lang='grc' dir='ltr'><em>Α</em></span> 
     </span>
     <span class='ocr_line' id='line_1_28' title="bbox 495 3921 1449 4024; baseline -0.004 -27"><span class='ocrx_word' id='word_1_193' title='bbox 495 3970 509 3997; x_wconf 83' lang='grc'>,·</span> <span class='ocrx_word' id='word_1_194' title='bbox 531 3929 670 4001; x_wconf 88' lang='lat' dir='ltr'>XXXI.</span> <span class='ocrx_word' id='word_1_195' title='bbox 690 3928 804 4001; x_wconf 84' lang='lat' dir='ltr'>Graeci</span> <span class='ocrx_word' id='word_1_196' title='bbox 828 3926 908 3999; x_wconf 88' lang='lat' dir='ltr'>item</span> <span class='ocrx_word' id='word_1_197' title='bbox 929 3921 1070 4024; x_wconf 90' lang='lat' dir='ltr'>myrtite</span> <span class='ocrx_word' id='word_1_198' title='bbox 1085 3922 1131 3995; x_wconf 87' lang='lat' dir='ltr'>src</span> <span class='ocrx_word' id='word_1_199' title='bbox 1146 3923 1346 4019; x_wconf 85' lang='lat' dir='ltr'>praecipiunr</span> <span class='ocrx_word' id='word_1_200' title='bbox 1361 3941 1449 3994; x_wconf 90' lang='lat' dir='ltr'>rem-</span> 
     </span>
     <span class='ocr_line' id='line_1_29' title="bbox 484 4025 1445 4134; baseline -0.003 -25"><span class='ocrx_word' id='word_1_201' title='bbox 484 4025 616 4134; x_wconf 80' lang='lat' dir='ltr'>perari:</span> <span class='ocrx_word' id='word_1_202' title='bbox 632 4036 742 4134; x_wconf 86' lang='lat' dir='ltr'>Myrri</span> <span class='ocrx_word' id='word_1_203' title='bbox 755 4036 872 4109; x_wconf 85' lang='lat' dir='ltr'>baccas</span> <span class='ocrx_word' id='word_1_204' title='bbox 886 4052 1031 4107; x_wconf 87' lang='lat' dir='ltr'>maturas</span> <span class='ocrx_word' id='word_1_205' title='bbox 1046 4033 1083 4104; x_wconf 88' lang='lat' dir='ltr'>in</span> <span class='ocrx_word' id='word_1_206' title='bbox 1097 4033 1216 4106; x_wconf 88' lang='lat' dir='ltr'>umbra</span> <span class='ocrx_word' id='word_1_207' title='bbox 1234 4033 1369 4105; x_wconf 78' lang='lat' dir='ltr'>siccatas</span> <span class='ocrx_word' id='word_1_208' title='bbox 1382 4084 1394 4122; x_wconf 90' lang='lat'>‚</span> <span class='ocrx_word' id='word_1_209' title='bbox 1406 4038 1445 4106; x_wconf 76' lang='grc' dir='ltr'>δι</span> 
     </span>
    </p>
   </div>
   <div class='ocr_carea' id='block_1_3' title="bbox 366 4139 1450 4242">
    <p class='ocr_par' dir='ltr' id='par_1_4' title="bbox 366 4139 1450 4242">
     <span class='ocr_line' id='line_1_30' title="bbox 366 4139 1450 4242; baseline 0 -28"><span class='ocrx_word' id='word_1_210' title='bbox 366 4203 369 4214; x_wconf 79' lang='grc'>,</span> <span class='ocrx_word' id='word_1_211' title='bbox 484 4146 600 4242; x_wconf 83' lang='lat' dir='ltr'>postea</span> <span class='ocrx_word' id='word_1_212' title='bbox 623 4146 731 4232; x_wconf 90' lang='lat' dir='ltr'>tusas,</span> <span class='ocrx_word' id='word_1_213' title='bbox 749 4145 865 4217; x_wconf 84' lang='lat' dir='ltr'>uncias</span> <span class='ocrx_word' id='word_1_214' title='bbox 886 4144 966 4216; x_wconf 72' lang='lat' dir='ltr'>odo</span> <span class='ocrx_word' id='word_1_215' title='bbox 981 4139 1086 4214; x_wconf 84' lang='lat' dir='ltr'>mittis</span> <span class='ocrx_word' id='word_1_216' title='bbox 1102 4142 1138 4218; x_wconf 87' lang='lat' dir='ltr'>in</span> <span class='ocrx_word' id='word_1_217' title='bbox 1162 4142 1288 4230; x_wconf 83' lang='lat' dir='ltr'>linteo,</span> <span class='ocrx_word' id='word_1_218' title='bbox 1315 4146 1353 4217; x_wconf 90' lang='lat'>&amp;</span> <span class='ocrx_word' id='word_1_219' title='bbox 1378 4144 1450 4215; x_wconf 90' lang='lat' dir='ltr'>sus-</span> 
     </span>
    </p>
   </div>
   <div class='ocr_carea' id='block_1_4' title="bbox 475 4253 1454 4461">
    <p class='ocr_par' dir='ltr' id='par_1_5' title="bbox 475 4253 1454 4461">
     <span class='ocr_line' id='line_1_31' title="bbox 484 4253 1454 4351; baseline 0.002 -26"><span class='ocrx_word' id='word_1_220' title='bbox 484 4256 605 4351; x_wconf 88' lang='lat' dir='ltr'>pendis</span> <span class='ocrx_word' id='word_1_221' title='bbox 633 4255 669 4326; x_wconf 87' lang='lat' dir='ltr'>in</span> <span class='ocrx_word' id='word_1_222' title='bbox 694 4255 813 4338; x_wconf 80' lang='lat' dir='ltr'>vinu,</span> <span class='ocrx_word' id='word_1_223' title='bbox 836 4255 875 4325; x_wconf 91' lang='lat'>&amp;</span> <span class='ocrx_word' id='word_1_224' title='bbox 898 4276 960 4326; x_wconf 87' lang='lat' dir='ltr'>vas</span> <span class='ocrx_word' id='word_1_225' title='bbox 989 4253 1168 4349; x_wconf 83' lang='lat' dir='ltr'>cooperies</span> <span class='ocrx_word' id='word_1_226' title='bbox 1190 4278 1229 4327; x_wconf 93' lang='lat' dir='ltr'>ac</span> <span class='ocrx_word' id='word_1_227' title='bbox 1252 4253 1388 4326; x_wconf 84' lang='lat' dir='ltr'>linibis:</span> <span class='ocrx_word' id='word_1_228' title='bbox 1414 4258 1454 4327; x_wconf 76' lang='grc' dir='ltr'>δι</span> 
     </span>
     <span class='ocr_line' id='line_1_32' title="bbox 475 4360 1452 4461; baseline -0.001 -25"><span class='ocrx_word' id='word_1_229' title='bbox 475 4389 566 4448; x_wconf 69' lang='lat' dir='ltr'>„eum</span> <span class='ocrx_word' id='word_1_230' title='bbox 592 4365 747 4461; x_wconf 89' lang='lat' dir='ltr'>plurimis</span> <span class='ocrx_word' id='word_1_231' title='bbox 771 4364 887 4441; x_wconf 89' lang='lat' dir='ltr'>diebus</span> <span class='ocrx_word' id='word_1_232' title='bbox 910 4362 955 4439; x_wconf 78' lang='lat' dir='ltr'>stc</span> <span class='ocrx_word' id='word_1_233' title='bbox 976 4360 1102 4459; x_wconf 79' lang='lat' dir='ltr'>fuerit,</span> <span class='ocrx_word' id='word_1_234' title='bbox 1119 4363 1248 4439; x_wconf 86' lang='lat' dir='ltr'>auseres</span> <span class='ocrx_word' id='word_1_235' title='bbox 1274 4369 1311 4440; x_wconf 81' lang='lat' dir='ltr'>dc</span> <span class='ocrx_word' id='word_1_236' title='bbox 1339 4365 1452 4444; x_wconf 79' lang='lat' dir='ltr'>uteris.</span> 
     </span>
    </p>
   </div>
   <div class='ocr_carea' id='block_1_5' title="bbox 0 0 1942 5759">
    <p class='ocr_par' dir='ltr' id='par_1_6' title="bbox 0 0 1942 5759">
     <span class='ocr_line' id='line_1_33' title="bbox 0 0 1942 5759; baseline 0 3"><span class='ocrx_word' id='word_1_237' title='bbox 0 0 1942 5759; x_wconf 95' lang='lat' dir='ltr'> </span> 
     </span>
    </p>
   </div>
  </div>
 </body>
</html>
