3875 5759
485 904 558 980 334
666 880 1273 957 veneruntntr.

485 1065 597 1120 autern
615 1040 746 1114 duxerit
768 1038 984 1128 cicatricem,
1004 1039 1135 1113 corinm
1154 1041 1239 1115 fabae
1255 1067 1331 1115 cnm
1355 1042 1447 1139 pelle

484 1151 628 1232 cervina
654 1149 853 1237 combures,
880 1172 924 1219 ex
949 1148 1048 1220 melle
1079 1149 1302 1246 temperabis,
1327 1153 1450 1226 addito

483 1262 629 1361 pulvere
645 1253 816 1331 bituminis
828 1255 954 1329 Judaici
969 1259 1007 1330 δι
1020 1256 1097 1328 mali
1114 1259 1259 1355 granati,
1275 1284 1353 1332 cum
1366 1286 1447 1335 ace·

482 1393 537 1450 to.
555 1368 688 1446 alternis
705 1365 822 1438 diebus
848 1366 1129 1440 medicamentum
1151 1372 1359 1461 renovabis,
1380 1373 1447 1445 do·

484 1463 551 1557 nee
575 1500 683 1552 cornu
704 1475 862 1571 ungulam
883 1474 1005 1571 faciat„
1022 1478 1075 1548 nd
1101 1477 1261 1583 ultimum
1282 1481 1448 1578 sparteam

484 1612 637 1662 veterem
659 1585 867 1670 contundes,
886 1608 930 1656 ex
948 1604 1046 1660 aceto
1075 1585 1110 1658 in
1129 1588 1199 1661 olla
1221 1615 1316 1664 nova
1338 1595 1451 1667 deco·

484 1723 589 1797 ques,
606 1723 649 1772 ex
671 1720 742 1794 quo
764 1694 924 1791 ungulam
949 1695 1226 1770 obdurescentem
1251 1702 1450 1795 obvolvas,

484 1813 584 1889 &ad
604 1811 735 1936 plenam
755 1833 898 1882 revocas
920 1807 1103 1883 sanitatem.
1122 1811 1155 1882 Si
1171 1811 1363 1887 suffufiones
1383 1840 1452 1909 pe·

479 1919 545 2007 'des
558 1920 744 2018 patiantur,
759 1915 844 1992 ficus
863 1917 964 1992 siccas
978 1942 1056 1992 cum
1069 1918 1133 1994 sale
1153 1946 1217 2019 pro
1232 1935 1332 2021 aqua
1351 1942 1451 2070 parte

487 2036 682 2121 contunde,
704 2035 741 2106 δι
764 2029 927 2129 ungulis
917 2055 1069 2127 tmpone.

535 2147 653 2219 LVIII.
675 2139 884 2214 Animalibus
909 2140 1041 2236 exigue
1059 2138 1194 2239 ungulae
1208 2140 1375 2229 crescunt
1390 2143 1454 2238 vel

486 2253 611 2328 attritae
629 2267 850 2344 reparantur,
871 2248 979 2319 fiallii
1003 2249 1108 2344 capita
1131 2276 1176 2343 7,
1191 2274 1273 2322 rutae
1295 2251 1456 2345 manipu-

486 2359 542 2433 los
564 2380 605 2451 3,
621 2352 778 2427 aluminis
801 2353 886 2426 tunsi
900 2358 938 2427 &
951 2354 1087 2426 cribrari
1106 2356 1221 2428 uncias
1238 2383 1281 2451 7,
1295 2357 1454 2454 axungiae

488 2464 616 2538 vetetis
633 2461 782 2557 pondera
804 2487 845 2551 2,
866 2459 1020 2534 stercoris
1034 2461 1152 2535 asinini
1167 2464 1298 2556 plenam
1313 2490 1453 2540 manum

486 2572 717 2661 commisceas,
731 2596 771 2645 ac
783 2573 963 2668 decoques,
974 2575 1011 2646 δι
1024 2570 1136 2645 utaris.
1149 2571 1350 2646 Prudentius
1361 2601 1453 2651 con·

487 2684 598 2761 silium
610 2682 677 2773 est,
696 2681 816 2776 pedum
836 2681 922 2754 tueri
938 2680 1129 2771 sanitatem,
1145 2706 1244 2779 quam
1263 2685 1453 2778 passionem

489 2819 618 2873 curate.
635 2794 921 2876 ¹corroborantur
942 2812 1054 2866 autem
1075 2792 1230 2890 ungulae,
1254 2795 1278 2866 sr
1300 2794 1454 2888 jumenta

490 2905 702 2980 mundlffime
722 2902 791 2976 stne
814 2903 959 2978 stercore
985 2902 1041 2975 vel
1062 2904 1205 2978 humore
1222 2905 1455 3000 stabulentur,

491 3012 705 3090 &roboreis
726 3013 888 3105 pontibus
907 3011 1174 3086 consternantur.
1196 3014 1338 3088 Articuli
1360 3042 1458 3113 quo-

491 3144 560 3217 que
576 3117 631 3190 vel
644 3116 833 3213 suffragines
855 3118 931 3213 post
944 3119 1009 3191 iter
1028 3120 1139 3192 calido
1158 3120 1340 3196 foveantur
1354 3126 1456 3197 vino.

490 3226 695 3301 Naturaliter
715 3245 827 3298 autem
848 3227 968 3301 molles
986 3230 1119 3326 ungulae
1138 3229 1336 3325 solidantur,
1351 3235 1375 3306 sr
1390 3236 1455 3307 he·

492 3339 583 3412 detae
603 3335 737 3410 seminis
755 3338 835 3409 duas
849 3357 958 3433 partes
973 3341 1011 3414 dc
1029 3340 1184 3415 aluminis
1198 3344 1334 3418 rotundi
1348 3369 1452 3417 urtam

395 3529 400 3540 ¹
493 3467 622 3547 partem
641 3444 760 3543 paritet
781 3449 991 3538 contundas,
1014 3451 1053 3524 δι
1074 3452 1227 3525 calceatis
1240 3454 1375 3549 pedibus
1391 3479 1454 3548 per

494 3556 704 3632 multosdies
719 3554 869 3629 inducas.
881 3561 964 3631 Item
980 3559 1128 3635 subtritis
1142 3565 1283 3659 pedibus
1296 3565 1457 3661 prodest,

495 3667 579 3766 picis
592 3666 731 3765 liquidae
744 3665 917 3759 selibram,
931 3671 1016 3744 aceti
1029 3672 1195 3744 heminam
1207 3727 1218 3761 ,
1230 3674 1303 3748 salis
1313 3675 1431 3747 libram
1443 3707 1458 3766 ·,·

496 3778 630 3853 hedet'ae
646 3774 762 3866 foliis,
775 3797 938 3872 quantum
952 3778 1095 3866 sufficit,
1113 3781 1235 3874 paritet
1249 3783 1455 3872 contundis,

496 3892 536 3964 δι
558 3886 725 3965 laboranti
744 3886 898 3983 quotidie
923 3889 1023 3984 pedes
1045 3912 1220 3985 perunges.
1248 3892 1456 3964 Mollisstmae

497 3997 634 4096 ungnlae
652 3998 720 4071 hoc
734 4020 805 4069 uno
828 3996 1072 4085 medicamine,
1089 4022 1167 4119 qno
1174 4000 1345 4093 potentius
1369 4000 1457 4074 nihil

494 4109 569 4197 est,
586 4104 727 4180 assolent
742 4104 901 4178 indurati.
922 4106 1082 4178 lacertum
1109 4106 1230 4179 vivum
1250 4109 1427 4181 viridem
1417 4136 1459 4185 ιιι

497 4211 602 4286 ollam
618 4235 742 4283 novam
757 4207 860 4282 mittis
870 4207 1028 4302 ,adjicies
1046 4208 1114 4281 olei
1137 4210 1259 4282 veteris
1282 4211 1400 4283 libram
1421 4241 1456 4301 r,

497 4318 653 4413 aluminis
674 4316 801 4411 Judaici
825 4316 1001 4410 selibram,
1022 4342 1106 4393 cerae
1126 4318 1271 4413 libram,
1294 4321 1455 4396 absinthii
