3875 5759
482 755 495 798 Ι

599 923 1311 1025 tm.xsnuruuusn
1377 903 1447 1041 mr
1560 961 1584 1002 2

481 1111 600 1186 labrici
623 1112 744 1186 melius
758 1134 884 1184 trunco
907 1109 1003 1198 sisso,
1027 1134 1127 1207 quam
1144 1107 1284 1188 cortice.
1308 1104 1471 1204 desuper·x

481 1231 585 1326 qualo
605 1230 662 1304 vel
682 1228 775 1302 fictili
790 1229 867 1304 vase
883 1228 1056 1319 munitur,
1071 1211 1208 1323 repletis
1222 1225 1326 1322 usque
1341 1248 1451 1321 prope

482 1347 703 1420 summitatem
732 1345 872 1420 surculis
899 1364 987 1420 terra
1023 1346 1156 1419 subacta
1183 1370 1260 1417 curn
1294 1342 1453 1415 stercore.

480 1466 625 1539 Prosunt
647 1467 842 1550 tuberibus,
859 1491 935 1564 quar
958 1465 1054 1540 malis
1074 1463 1229 1561 prodesse
1248 1461 1454 1536 memoravi.

481 1583 636 1657 Tuberes
660 1583 909 1670 servabuntur,
929 1582 955 1655 fi
978 1572 1166 1657 obruantur
1186 1580 1222 1658 in
1245 1579 1369 1670 milio,
1393 1578 1453 1654 vel

483 1700 633 1771 urceolis
656 1701 829 1796 picatis&
850 1700 977 1772 oblitis.
1153 1707 1155 1712 ’
1242 1707 1245 1712 ’

541 1818 622 1888 XV'.
653 1818 732 1890 Hoc
761 1816 862 1889 etiam
890 1814 1005 1887 mense
1034 1815 1244 1912 pavimenta.
1261 1809 1297 1882 itt
1323 1809 1456 1883 solariis

483 1935 520 2005 δι
544 1934 663 2006 lateres
686 1933 851 2008 faciemus
876 1956 928 2017 eo,
950 1956 1074 2020 more,
1102 1952 1176 2028 quo
1214 1925 1311 2022 Majo
1342 1927 1456 2000 mense
1556 1998 1558 2004 .

485 2048 650 2144 descripsr.
1334 2112 1343 2124 ,
1388 2114 1392 2118 .

533 2169 628 2238 XVI.
644 2169 718 2260 [De
731 2162 911 2264 diamnrn]
922 2165 1067 2238 Succum
1085 2162 1173 2238 mori
1187 2162 1321 2265 agrestis
1335 2162 1459 2261 paulu·¹
1501 2155 1505 2186 ³

485 2285 556 2356 lum
578 2281 680 2353 facies
697 2281 881 2354 defervere.
897 2281 1000 2355 Tunc
1019 2281 1110 2355 succi
1123 2280 1364 2384 [ipsiustuas
1378 2308 1459 2377 par·
1580 2344 1582 2349 .

486 2420 554 2483 tes,
574 2404 613 2474 &
628 2425 727 2471 unam
749 2399 858 2472 mellis
878 2392 1059 2488 admisces,
1076 2403 1114 2474 δι
1134 2399 1241 2473 mixta
1260 2398 1395 2475 curabis
1414 2398 1459 2472 ad
1489 2422 1492 2426 ·
1518 2394 1527 2402 ”
1564 2412 1565 2417 ’

487 2519 729 2616 pinguedinem
749 2519 858 2593 mellis
880 2513 1087 2616 excoquere.
1484 2612 1487 2617 ι

534 2625 645 2736 XVII.
662 2640 781 2728 Uvas,
798 2659 883 2733 quas
902 2633 1034 2709 servare
1052 2632 1236 2720 volumus,
1252 2632 1404 2729 legamus
1417 2632 1460 2704 ils

488 2754 603 2845 laesas,
627 2779 739 2851 neque
757 2752 940 2826 acerbitate
965 2750 1113 2846 rigidas,
1135 2750 1245 2843 'neque
1269 2747 1461 2822 maturitate

488 2874 696 2960 defluentes,
711 2872 767 2944 sed
789 2870 911 2968 quibus
926 2869 972 2942 est
995 2871 1032 2943 &
1047 2893 1190 2967 granum
1212 2868 1288 2945 luce
1306 2889 1463 2964 penetra*

488 2990 551 3068 bili
575 2988 808 3085 splendidum,
830 2967 880 3061 &¹
898 2987 1001 3060 tasius
1026 3011 1103 3060 curn
1127 2984 1223 3058 molli
1250 2984 1461 3079 jucunditate

490 3106 644 3195 callosus.
667 3104 699 3175 Si
726 3129 792 3200 qua
811 3103 887 3197 sunt
911 3121 1073 3200 corrupta
1090 3102 1147 3175 vel
1170 3100 1314 3190 vitiosa,
1329 3100 1462 3199 reseceq
1569 3179 1572 3188 ,

490 3246 587 3295 mus:
612 3245 674 3293 nec
693 3220 860 3315 patiamur
877 3217 1190 3314 interesse‚quibtts
1213 3216 1463 3315 inexpugnabid

492 3336 532 3409 lis
551 3337 714 3409 acerbitas
739 3355 860 3410 contra
882 3332 1244 3408 blandimentaaestivi
1266 3335 1389 3407 caloris
1405 3336 1463 3413 ins

492 3451 618 3535 duruit.
635 3454 739 3524 Tunc
753 3451 879 3524 incisos
899 3451 1117 3547 botryonum
1132 3469 1266 3522 tenaces
1281 3448 1388 3522 calida
1407 3449 1463 3543 pi·

492 3591 532 3638 ce
555 3584 695 3659 oportet
718 3565 874 3654 amburi,
896 3585 998 3665 atque
1023 3564 1069 3636 ita
1090 3564 1126 3636 iu
1153 3554 1237 3637 loco
1260 3564 1378 3655 sicco,
1402 3562 1463 3642 sti-.

495 3684 595 3781 gido‚
610 3684 649 3754 &
663 3681 809 3754 obscuro
822 3684 890 3755 fine
906 3682 1044 3755 luminis
1059 3683 1251 3779 irruptione
1269 3684 1437 3780 suspendi.

542 3800 665 3871 XVttt.
695 3798 807 3891 Vitis,
831 3799 928 3892 cujus
955 3799 1084 3871 frusius
1108 3798 1255 3871 humore
1277 3800 1464 3896 putrescit,¹

495 3939 555 4011 per
575 3916 679 3989 latera
700 3917 926 4013 pampinanda
951 3916 998 3990 est
1022 3935 1100 3988 ante
1117 3915 1319 3989 tricestmum
1340 3915 1463 3988 vinde-

495 4030 572 4100 miae
594 4034 682 4103 diem
698 4086 707 4121 ,
723 4036 762 4105 δι
776 4031 846 4103 sola
864 4032 961 4105 frons
984 4032 1042 4105 illa
1065 4031 1229 4106 servanda
1252 4032 1316 4123 est,
1330 4056 1406 4129 quae
1425 4032 1463 4102 in

497 4148 686 4222 summitate
707 4148 815 4245 posita
834 4148 939 4222 solem
959 4148 1101 4223 nimium
1120 4148 1302 4223 defendita
1322 4146 1464 4220 vertice.

546 4266 643 4338 xtx.
667 4266 870 4361 Septembris
893 4270 932 4346 δι
953 4257 1080 4368 Aprilis
1101 4266 1171 4342 dies
1193 4265 1287 4341 horis
1300 4263 1462 4342 similibus

497 4381 736 4460 conferuntur.
1443 4363 1454 4374 ’
