3875 5759
1007 706 1102 736 Ἦ

342 939 353 966 .
439 871 1310 987 ntur-scinnrruurrnrr

396 1077 411 1116 κ
444 1041 545 1141 pinus
565 1039 654 1115 circa
674 1039 751 1111 Idus
773 1038 916 1126 seritur,
933 1038 1040 1113 &ubi
1062 1040 1236 1134 creverit,
1258 1038 1409 1116 vertitur

442 1174 613 1240 ¹vomere,
636 1165 674 1219 ut
697 1145 856 1243 putrefiat
875 1144 1018 1220 excisus.

490 1261 539 1334 X.
549 1262 651 1341 Nunc
665 1275 778 1353 prata,
791 1256 816 1329 fi
828 1256 983 1345 libuerit,
997 1256 1170 1353 p'offumus
1183 1256 1322 1333 novella
1335 1257 1410 1331 sor-

441 1396 549 1447 mare.
568 1369 603 1441 si
617 1367 763 1465 eligendi
787 1368 929 1442 facultas
946 1368 1011 1459 esi,
1028 1370 1144 1444 locum
1159 1368 1339 1467 pinguem,
1354 1395 1412 1442 ro·

443 1481 573 1569 fidum,
594 1479 756 1574 planum,
771 1478 891 1551 leniter
911 1479 1133 1567 inclinatum,
1149 1482 1203 1552 vel
1218 1478 1413 1575 hujusmodi

445 1588 570 1664 vallem
585 1578 844 1685 deputabimus,
863 1588 922 1661 ubi
944 1590 1069 1662 humor
1084 1612 1147 1661 nec
1166 1588 1273 1661 statim
1289 1590 1413 1684 praeci·

445 1695 549 1795 pitari
570 1695 727 1793 cogitur,
745 1721 808 1770 nee
822 1696 882 1769 diu
903 1697 1003 1770 debet
1017 1696 1188 1790 inhaerere.
1210 1698 1322 1770 Potest
1335 1698 1415 1793 qui·

446 1807 526 1879 dem
549 1808 586 1880 δι
600 1805 715 1885 soluto
728 1809 767 1881 δι
791 1805 905 1905 gracili
919 1805 996 1877 solo
1019 1803 1105 1901 prati
1123 1802 1261 1892 forma,
1283 1805 1305 1875 sr
1323 1806 1414 1901 rige·

385 1913 387 1918 ’
447 1934 526 2004 tut,
541 1913 690 2012 imponi.
699 1916 929 2015 'exstirpandus
947 1914 994 1989 est
1006 1914 1120 2014 itaque
1134 1914 1231 1987 locus
1243 1914 1311 1987 hoc
1326 1938 1416 1985 tem·

448 2048 563 2121 pore,
586 2028 624 2099 δι
651 2025 843 2099 liberandus
870 2023 1121 2121 impedimentis
1145 2024 1330 2115 omnibus,
1358 2025 1414 2109 vel

449 2135 570 2208 herbis·
583 2135 761 2209 latioribus
775 2140 814 2213 δι
827 2135 960 2225 solidis,
974 2139 1077 2232 aitque
1095 2136 1264 2235 virgultis.
1278 2134 1429 2210 Deinde'

450 2269 530 2318 cum
557 2243 752 2339 frequenter
776 2246 978 2332 exercitatus
1001 2246 1124 2335 suerit,
1150 2273 1189 2321 ac
1213 2246 1317 2319 multa
1344 2272 1417 2317 ara·

451 2352 548 2425 tione
572 2351 739 2429 resolutus
753 2410 765 2446 ,
784 2356 947 2428 submotis
960 2355 1151 2451 lapidibus,
1166 2355 1204 2427 δι
1219 2355 1324 2453 glebis
1339 2352 1418 2425 ubi·

442 2449 521 2560 'que
541 2463 746 2554 embadis,
770 2466 975 2541 stercoretur
996 2466 1075 2538 luna
1097 2467 1264 2539 crescente
1288 2463 1418 2536 recenti

451 2574 631 2648 laetamine.
648 2575 702 2647 Ab
721 2575 854 2674 ungulis
866 2574 1097 2670 jumentorum
1116 2574 1241 2647 summa
1250 2567 1419 2645 intentio·

452 2680 667 2756 neferretur
687 2682 856 2778 lansius,
879 2682 1050 2779 praecipue
1068 2683 1205 2782 quoties
1229 2682 1421 2771 humescit‚‘

454 2814 499 2863 ne
524 2789 691 2890 inaequale
715 2793 824 2867 solum
846 2793 988 2890 reddant
1011 2791 1128 2866 multis
1152 2789 1427 2885 locisimpressa‘

412 2945 415 2952 -
454 2900 606 2999 vestigia.
617 2905 682 2976 Sed
694 2904 719 2975 fi
733 2923 825 3002 prata
840 2922 955 2977 vetera
967 2902 1100 2977 muscus
1112 2901 1312 2991 obduxerit,
1328 2902 1435 2975 abra·

456 3013 587 3085 dendus
608 3011 655 3084 est
664 3066 677 3099 ,
691 3016 730 3088 δι
749 3014 883 3107 scalptis
896 3014 1018 3085 eisdem
1034 3014 1120 3087 locis
1133 3012 1221 3085 foeni
1241 3014 1423 3110 spargenda

442 3195 444 3200 ,
458 3116 537 3189 sunt
548 3115 703 3201 semina,
720 3120 759 3189 δι
781 3117 876 3214 quod
889 3117 931 3187 ad
947 3119 1136 3191 necandum
1151 3122 1301 3193 muscum
1316 3124 1423 3215 prod-

458 3225 534 3315 est,
565 3223 652 3296 cinis
681 3222 800 3319 sapius
820 3224 1034 3320 ingerendus.
1056 3227 1209 3317 Quodsi
1231 3228 1348 3299 sterilis
1371 3230 1423 3301 fa-

460 3336 535 3407 sius
556 3331 603 3403 esi
620 3330 717 3404 locus
735 3331 850 3433 carie,
864 3330 1019 3421 incuria,
1039 3330 1224 3425 vetustate,
1241 3354 1423 3425 exaretur,
1492 3418 1495 3422 ⁸

460 3464 502 3513 ac
522 3439 564 3510 de
581 3460 681 3510 novo
700 3437 812 3510 rursus
827 3457 993 3537 aequetur.
1013 3465 1092 3513 nam
1108 3458 1201 3537 prata
1215 3440 1336 3513 sterilia
1350 3444 1424 3537 ple-

460 3547 605 3645 rumque
624 3571 717 3620 arare
744 3543 940 3622 con'veniet.
957 3536 1024 3621 Sed
1044 3549 1080 3621 in
1100 3573 1200 3621 novo
1222 3574 1321 3646 prato
1344 3576 1425 3647 rapa

426 3668 428 3674 ’
461 3656 641 3735 conserere
658 3655 851 3751 possumus,
866 3681 1014 3753 quorum
1039 3658 1137 3729 melle
1152 3656 1270 3747 finita,
1290 3678 1425 3749 cetera,

463 3791 541 3863 quae
553 3763 638 3838 dieta
654 3762 741 3859 sunt,
755 3762 985 3860 exsequemur.
998 3765 1130 3838 Vinium
1148 3783 1260 3836 tamen
1275 3765 1361 3839 soeni
1376 3769 1426 3839 se·

461 3876 611 3950 minibus
632 3874 770 3947 mixtam
792 3873 867 3970 poll
886 3875 959 3954 haec
972 3873 1172 3971 spargemus.
1187 3875 1302 3973 Rigari
1317 3865 1424 3965 uero,

463 4007 643 4084 antequam
663 3986 785 4057 durum
813 3983 924 4056 solum
944 3982 1084 4073 fecerit,
1106 4009 1178 4068 npn
1204 3985 1358 4072 debebit,
1381 4011 1427 4059 ne

339 4160 341 4163 .
463 4096 535 4188 ejus
559 4117 684 4174 cratem
701 4096 813 4196 minus
826 4085 969 4190 'solidani
993 4095 1045 4173 vis
1067 4095 1215 4171 interilui
1229 4116 1428 4193 corrumpat

463 4206 627 4283 humoris
1008 4251 1011 4257 ·

514 4318 576 4395 Xl.
590 4321 670 4397 Hoc
688 4316 801 4398 mense
812 4317 910 4426 locis
929 4314 1054 4422 tepidis
1071 4314 1313 4416 maritimisque
1336 4315 1427 4391 cele·
