3875 5759
596 833 1315 968 trdxttnovannan
1369 919 1430 993 ¹93
1587 925 1593 932 -

480 1056 636 1132 fendatur
657 1051 870 1127 umbraculis.
895 1051 998 1124 Juvat
1018 1051 1062 1122 in
1076 1074 1114 1122 ea
1139 1051 1178 1124 δι
1200 1050 1344 1146 spoliurn
1367 1051 1434 1128 ser·

480 1165 592 1263 pentis
616 1160 770 1258 appendi:
794 1162 895 1231 Nunc
920 1157 985 1250 jam
1009 1176 1128 1231 contra
1153 1159 1289 1254 pruinas
1312 1160 1436 1240 stercus
1514 1183 1517 1190 ’

480 1275 651 1371 ingeratur
668 1270 819 1358 Persrco,
834 1268 888 1340 vel
900 1266 998 1342 feces
1009 1267 1087 1339 vini
1097 1292 1174 1341 cum
1189 1290 1275 1363 aqua
1287 1273 1435 1364 permix-

481 1405 544 1472 tae,
559 1382 633 1468 vel,
649 1379 745 1477 quod
756 1378 859 1475 magis
872 1376 1029 1473 prodest,
1042 1401 1149 1472 aqua,
1165 1374 1277 1473 inqua
1291 1377 1438 1482 sabade·

418 1581 422 1588 Ι
480 1494 580 1566 cotta
593 1490 649 1566 esi.
658 1489 691 1561 si
707 1513 835 1561 vermes
849 1488 996 1561 Persicus
1007 1487 1149 1583 patirur,
1162 1486 1246 1560 cinis
1256 1509 1315 1562 eos
1329 1515 1439 1567 amur·

482 1629 535 1675 cae
553 1600 678 1673 mixtus
698 1598 898 1695 exstinguit,
923 1590 981 1668 sel
1006 1595 1111 1676 bovis
1131 1596 1227 1669 urina
1252 1622 1329 1686 cum
1352 1604 1437 1678 aceti

483 1712 581 1785 tertia
604 1729 694 1807 parte
708 1705 859 1782 consusa.
874 1707 908 1778 Si
922 1712 1024 1802 poma
1044 1706 1168 1779 caduca
1190 1705 1288 1796 sunt,
1305 1711 1438 1788 nudata

483 1822 586 1896 radici
605 1822 700 1911 eius,
714 1821 771 1893 vel
793 1840 940 1906 trunc0,
955 1815 1154 1924 lentisci‘aut
1172 1820 1353 1923 terebinthi
1375 1849 1438 1897 cu·

484 1958 566 2007 neus
580 1930 745 2027 affigitur,
758 1927 816 2001 vel
830 1927 1003 1998 terebrata
1017 1924 1053 1997 in
1069 1927 1182 2032 aredio
1194 1982 1205 2019 ,
1225 1930 1318 2025 palus
1332 1932 1440 2009 salicis

485 2040 707 2140 imprimetur.
723 2037 758 2109 Si
773 2060 875 2131 poma
895 2033 1014 2131 rugosa
1034 2037 1179 2127 creabit,
1200 2060 1258 2112 aut
1279 2045 1439 2138 putrida,
1545 2026 1552 2044 ⁰
1584 2061 1588 2070 '

452 2209 454 2214 -
487 2154 577 2226 circa
592 2152 699 2222 imurn'
710 2166 868 2219 truncum
886 2165 1004 2219 cortex
1019 2147 1204 2238 recidatur,
1220 2155 1257 2226 δι
1271 2180 1346 2228 curn
1362 2158 1440 2232 inde

443 2278 444 2282 ’
488 2261 644 2337 modicus
664 2259 788 2330 humor
809 2255 992 2343 effluxerit,
1006 2257 1119 2353 argilla
1144 2261 1200 2330 vel
1221 2263 1351 2357 paleato
1367 2267 1440 2341 luto

488 2372 585 2471 plaga
606 2364 779 2466 retegatur.
798 2370 917 2462 Magna
933 2388 1034 2460 poma
1053 2366 1199 2440 Perficus
1213 2369 1325 2463 affert,
1338 2375 1361 2446 st
1374 2376 1442 2449 llo·

489 2482 578 2557 renti
598 2504 658 2578 per
671 2475 946 2550 triduumternos
966 2473 1126 2547 sextarios
1140 2479 1268 2575 caprini
1284 2481 1376 2555 ladiis
1387 2486 1442 2558 iu·

488 2589 631 2689 gesseris.
650 2588 780 2660 Contra
801 2584 889 2658 vitia¹
906 2582 1026 2666 Persici
1047 2580 1347 2681 proficitspartum
1359 2593 1443 2691 liga·

490 2722 562 2773 rum
575 2751 586 2786 ,
601 2696 656 2768 vel
670 2696 795 2792 spartea
816 2690 969 2787 suspensa
981 2693 1022 2763 de
1036 2693 1145 2765 tarnis.
1160 2697 1272 2768 Mense
1286 2701 1444 2777 ianuario

492 2807 551 2878 vel
565 2802 744 2877 Februario
760 2798 848 2870 locis
869 2796 1018 2894 frigidis,
1032 2800 1222 2873 Novembri
1237 2805 1350 2879 calidis
1364 2810 1445 2882 Per·

492 2916 579 2986 sicus
596 2908 781 2995 inseratur,
796 2904 940 2976 maxime
962 2904 1050 2979 circa
1068 2926 1188 2981 terram
1215 2910 1353 2987 surculis
1373 2919 1446 3013 ple·

495 3016 721 3103 nioribus,&
742 3036 849 3109 prope
873 3010 1027 3084 arborem
1055 3015 1149 3088 natis.
1171 3041 1247 3089 nam
1271 3005 1447 3100 cacumina

496 3131 554 3205 vel
574 3153 644 3201 non
669 3126 854 3213 tenebunt,
878 3124 935 3196 vel
958 3125 1016 3197 diu
1040 3125 1158 3198 durare
1180 3156 1250 3203 non
1276 3153 1447 3228 poterunt.

495 3238 652 3313 Inseritur
670 3237 706 3308 in
723 3234 754 3308 se
766 3289 777 3325 ,
791 3234 827 3306 in
844 3234 1047 3333 amygdalo,
1062 3234 1097 3309 in
1111 3261 1223 3333 pruno
1237 3266 1246 3311 r
1260 3241 1315 3314 sed
1330 3249 1449 3321 Arme·

495 3348 551 3421 nia
571 3346 626 3419 vel
641 3350 829 3441 praecoqua·
842 3344 979 3435 prunis,
995 3342 1155 3417 duracina
1173 3351 1360 3445 amygdalis
1380 3381 1449 3428 me·

495 3459 563 3531 lius
576 3452 817 3531 adhaerescunt,
831 3451 868 3521 δι
886 3465 1017 3541 tempus
1030 3450 1135 3525 atatis
1147 3458 1336 3551 acquirunt.
1351 3465 1450 3534 Men-

497 3570 531 3642 se
545 3563 651 3661 Aprili
666 3562 721 3638 vel
739 3556 833 3648 Maio
848 3554 933 3627 locis
948 3557 1082 3646 calidis,
1097 3560 1131 3631 in
1146 3564 1236 3635 ltalia
1256 3590 1341 3639 vero
1356 3589 1451 3643 utro·

498 3700 565 3774 que
584 3691 747 3756 exeunte,
768 3666 825 3737 vel
845 3664 946 3739 lunio
964 3666 1111 3741 Persicus
1134 3671 1299 3747 inoculari
1321 3682 1453 3773 potesl,

499 3780 594 3880 quod
613 3774 815 3871 emplasirari
828 3773 952 3845 dicitur
972 3775 1111 3869 praeciso
1130 3776 1226 3875 super
1250 3800 1397 3876 trunco,
1413 3790 1452 3860 &

500 3885 717 3986 emplastratis
738 3884 886 3979 pluribus
913 3882 1073 3979 genimis,
1095 3910 1213 3975 more,
1234 3913 1306 3988 quo
1327 3890 1453 3966 dietum

503 3999 560 4070 etl.
592 3993 738 4067 Persicus
769 3990 985 4077 rubescit,s1
1015 3989 1151 4086 platano
1180 3995 1298 4071 inserta
1325 3998 1454 4096 figatur.

502 4107 677 4181 Dutacina
696 4103 893 4185 servantur,
913 4099 1050 4173 condita
1068 4100 1174 4188 inuria
1198 4109 1236 4180 δι
1258 4107 1454 4205 oxymellc,

506 4215 563 4286 vel
582 4211 732 4282 detrudis
745 4208 870 4281 offibus
887 4204 1029 4281 ficorum
1046 4230 1142 4279 more
1159 4208 1195 4280 in
1209 4211 1278 4283 sole
1292 4216 1456 4289 bccantur

505 4352 544 4400 ac
569 4320 724 4417 pendent.
739 4325 819 4391 ltem
840 4305 924 4412 saepe
942 4319 1032 4411 vidi,
1047 4318 1200 4393 dettasiis
1217 4324 1341 4398 ossibus
1356 4325 1454 4398 duta·

574 4436 696 4526 Scripm
709 4434 752 4504 R.
765 4434 808 4505 R.
825 4438 896 4507 Vol.
908 4436 976 4507 III.
1223 4525 1226 4536 Ι
1278 4435 1312 4507 Ν
