3875 5759
600 885 731 957 narn
759 882 975 956 verram.
1008 884 1108 956 srva
1132 884 1316 959 Moron.
1348 869 1440 986 '3¹5

471 1068 474 1075 ’
481 1044 615 1146 guinem
636 1068 709 1117 non
728 1044 902 1134 detrahas,
928 1043 990 1117 nit
1012 1045 1102 1117 forte
1124 1045 1165 1117 de
1187 1046 1301 1142 palato
1322 1047 1443 1142 despu-

481 1179 562 1229 mes.
586 1156 674 1228 Cum
700 1156 844 1250 c'oeperit
871 1155 1135 1245 convalescere,
1161 1156 1287 1229 nitrum
1307 1158 1444 1233 tunsum

483 1266 522 1338 δι
546 1263 748 1354 cribratum,
764 1265 919 1359 pulveres
939 1266 980 1337 de
994 1265 1162 1338 radicibus
1176 1267 1444 1364 cucumerislasr-

483 1371 557 1446 nini
579 1362 717 1447 srlvatici
734 1374 953 1464 commisces,
968 1377 1006 1448 &
1018 1373 1092 1449 vini
1113 1374 1316 1463 sextarium,
1336 1379 1445 1451 coch-

482 1483 586 1557 learia
612 1485 761 1582 pulveris
781 1484 1028 1584 ipfius'junge,
1051 1504 1088 1559 ut
1108 1483 1210 1578 hujus
1233 1486 1385 1582 potionis
1409 1487 1447 1563 vi

484 1592 635 1667 resoluto
659 1613 778 1682 ventre
802 1616 974 1693 purgetur.
1002 1593 1072 1667 Alii
1100 1594 1253 1667 tutiores
1276 1617 1447 1667 tumorem
1542 1597 1545 1602 ’

484 1702 600 1798 capitis
616 1729 655 1777 ac
672 1703 822 1803 linguae,
844 1705 901 1779 vel
921 1703 1071 1777 'faucium
1086 1755 1097 1791 ,
1111 1702 1235 1775 etiam!
1256 1702 1449 1776 obdurave-

485 1811 550 1899 rit,
565 1812 610 1885 ita
633 1812 823 1887 festinantes
839 1837 979 1909 propter
1000 1810 1186 1905 periculum
1202 1835 1317 1882 curare
1333 1811 1449 1883 nitun-¹

485 1942 541 1995 tur
554 1951 562 1996 :
576 1924 714 2021 Lapides
734 1926 878 1997 molares
902 1923 1012 2016 plures
1034 1921 1111 2018 igne
1128 1921 1352 1995 succendunt:
1368 1947 1449 1995 cum

440 2066 442 2069 ⁴
480 2035 628 2105 candere
649 2035 840 2129 coeperint,
854 2050 955 2127 caput
975 2033 1053 2128 equi
1080 2032 1308 2128 cooperiunt,
1330 2036 1367 2108 ὅ(
1389 2057 1450 2106 vas

485 2145 623 2240 plenum
643 2145 732 2215 lotio
749 2143 808 2215 sub
827 2146 941 2216 ore&
962 2141 1097 2216 naribus
1109 2142 1327 2240 supponunt,
1341 2147 1377 2217 δι
1390 2167 1452 2239 per

486 2251 583 2323 vices
603 2251 751 2348 srngtrlos
774 2252 954 2324 candentes
972 2249 1098 2348 lapides
1124 2252 1160 2323 in
1180 2252 1301 2324 lotium
1325 2252 1451 2324 immit-

487 2374 582 2443 tunt,
593 2378 630 2429 ut
643 2355 700 2429 ille
715 2383 827 2454 vapor
839 2384 878 2433 ac
893 2359 1023 2445 sumus,
1037 2384 1055 2431 a
1068 2356 1182 2432 calore
1196 2353 1343 2455 lapidum
1362 2385 1452 2433 con·

489 2465 632 2554 citatus,
653 2491 694 2540 os
714 2468 844 2565 equi&
867 2492 963 2540 nares
985 2469 1129 2564 impleat.
1156 2469 1245 2541 Nam
1269 2471 1307 2541 δι
1332 2467 1468 2556 fustem,
1501 2555 1504 2560 ,

487 2574 732 2665 transversum,
747 2594 786 2647 ut
808 2594 959 2670 apertum
977 2600 1016 2646 os
1035 2576 1178 2665 habeat,
1198 2576 1297 2647 debet
1314 2575 1453 2672 accipe-⁸

487 2706 533 2757 re.
553 2687 659 2776 Quod
674 2711 750 2758 cum
774 2685 953 2756 diutiffime
972 2683 1116 2773 feceris,
1140 2709 1262 2781 aquam
1286 2684 1451 2758 marinam

488 2792 692 2880 calefacito,
708 2790 765 2863 vel
779 2811 868 2863 certe
882 2789 981 2862 salem
997 2790 1032 2860 in
1056 2815 1141 2887 aqua
1161 2789 1251 2862 dulci
1271 2791 1452 2882 miscebis,
1538 2839 1544 2856 «

487 2901 722 2999 fervendoque
742 2899 902 2973 dillolves
916 2926 927 2986 3
943 2900 1059 2972 addito
1075 2918 1173 2973 aceto
1191 2901 1378 2991 acerrimo,
1392 2925 1452 2975 ca·

489 3030 551 3105 put
574 3007 700 3103 ejus&
722 3032 783 3097 ος,
800 3009 837 3081 &
863 3007 1015 3107 gingivas
1036 3008 1214 3093 diutillime
1235 3008 1453 3084 confricabis.

488 3119 606 3191 Postea
623 3116 737 3189 fimum
753 3118 957 3190 bubulinum
980 3144 1064 3210 cum,
1077 3118 1146 3192 acri
1162 3138 1260 3193 aceto
1275 3118 1453 3214 miscebis,

490 3227 527 3300 ὃ(
551 3224 751 3327 tepefa‘cies,
772 3251 813 3298 ex
835 3220 905 3321 quo
922 3245 1022 3323 caput
1047 3245 1159 3299 totum
1178 3227 1392 3327 frontemque
1413 3232 1454 3307 δε

489 3338 575 3410 labia
592 3362 776 3436 perunges,
788 3356 870 3408 tunc
885 3336 1023 3410 farinam
1040 3338 1262 3411 hordeaceam
1277 3363 1353 3411 cum
1365 3363 1453 3435 aqua

490 3448 604 3542 tepida
622 3444 824 3518 sufficienter
845 3467 909 3538 pro
922 3446 1002 3515 cibo
1016 3444 1108 3516 dabis
1130 3447 1167 3518 &
1185 3441 1283 3541 potu.
1392 3479 1395 3484 ·
1467 3472 1470 3480 ·

538 3555 671 3626 XXlX.
689 3552 795 3642 Quod
814 3550 840 3621 fi
858 3574 901 3620 err
920 3549 1076 3648 sanguine
1090 3570 1208 3625 tumor
1228 3553 1284 3625 ille
1299 3549 1454 3650 indigna·

490 3661 596 3735 tionis
616 3658 790 3748 evenerit,
814 3656 860 3729 ita
880 3656 1071 3756 intelliges,
1084 3659 1107 3731 fi
1122 3661 1221 3735 venis
1235 3663 1334 3734 tensis
1347 3660 1453 3734 obru-

491 3757 619 3847 rabitur
641 3769 783 3858 halitus,
798 3763 836 3843 &
850 3768 944 3841 oculi
966 3767 1137 3866 sanguinei
1161 3773 1379 3867 apparebunt.
1396 3770 1452 3844 cui

492 3882 534 3955 de
555 3878 821 3976 temporibus,fi
843 3902 915 3950 non
935 3880 1136 3969 tumebunt,
1153 3900 1210 3953 aut
1225 3900 1315 3953 certe
1336 3882 1376 3951 de
1392 3903 1453 3973 pa·
1489 3902 1492 3913 ·

492 3990 585 4076 lato,
601 3992 624 4062 sr
639 3989 687 4062 ibi
703 3988 890 4085 indignatio
905 4012 976 4059 non
996 3986 1083 4073 erit,
1103 3986 1294 4089 sanguinem
1312 4003 1454 4084 oportet

493 4102 624 4175 auferri.
646 4105 780 4176 Cretam
803 4099 986 4176 Cimoliam
1003 4100 1128 4172 duabus
1150 4098 1319 4196 partibus,
1333 4104 1371 4174 δι
1385 4118 1453 4171 ter·

494 4210 574 4282 tiam
595 4202 722 4309 bartem
745 4228 846 4283 creta
866 4210 970 4308 nigrae
982 4264 993 4300 ,
1007 4234 1050 4282 ex
1065 4210 1151 4282 vino
1165 4208 1297 4285 austero
1321 4228 1452 4309 tempo,

495 4318 604 4415 rabis,
626 4320 689 4412 &,
709 4319 788 4393 dum
806 4318 909 4412 calet,
923 4318 1026 4415 illinis
1044 4336 1153 4417 caput.
