3875 5759
503 920 1262 1003 -rtn.111.rnsnutn.tus.
1326 955 1377 1030 77

415 1080 472 1155 est
494 1080 532 1153 In
552 1083 628 1154 solo
644 1081 757 1152 rosido
775 1082 812 1153 δι
835 1079 1024 1165 nebuloso,
1045 1081 1128 1152 rami
1144 1082 1275 1155 arboris
1294 1085 1379 1158 viti·¹

414 1189 495 1261 serae
508 1192 545 1263 in
562 1193 727 1263 orientem
743 1194 780 1264 δι
799 1192 1012 1263 occidentem
1031 1190 1206 1286 putatione
1228 1192 1379 1288 dirigan-

415 1316 495 1387 tur,
510 1320 547 1372 ut
562 1300 663 1371 latera
685 1326 792 1374 vacua
809 1300 887 1371 solis
902 1297 1163 1371 radiismem'bra
1179 1299 1283 1370 tbtius
1300 1301 1382 1376 viris

414 1408 603 1483 ostendant.
624 1410 801 1508 Agendum
820 1409 867 1481 ell
888 1429 1019 1494 autem,
1034 1429 1071 1480 ut
1092 1410 1171 1480 vitis
1191 1408 1283 1505 spilla
1305 1433 1378 1482 non

413 1516 455 1587 sit
469 1518 505 1589 in
524 1521 661 1608 arbore,
679 1524 717 1593 δι
735 1517 965 1593 deficientibus
980 1520 1098 1615 primis
1110 1520 1288 1592 arboribus
1300 1523 1379 1593 sub·

413 1625 587 1700 llituendae
605 1630 681 1710 sunt
701 1630 786 1701 alia.
809 1633 845 1699 ln
865 1631 946 1700 loco
971 1629 1108 1700 clivoso
1122 1613 1280 1701 humilius
1295 1631 1379 1703 rami

413 1735 575 1806 a'rborum
598 1737 751 1809 servandi
767 1738 862 1821 sunt;
881 1739 915 1809 in
940 1738 1042 1831 plano
1063 1739 1101 1809 dc
1122 1736 1313 1833 uliginoso,
1331 1739 1379 1809 al·
1418 1735 1421 1742 ’

412 1843 488 1915 tius.
507 1847 661 1919 Palmites
676 1850 718 1918 ad
739 1848 897 1918 arborem
919 1870 990 1914 non
1012 1847 1100 1916 duro
1124 1846 1254 1919 vimine,
1269 1848 1379 1942 ligen-

411 1969 489 2041 tur,
504 1979 546 2025 ne
559 1980 619 2027 eos
641 1957 818 2028 vinculum
837 1954 1205 2040 recidat‚'aut''atterat.
1226 1955 1302 2026 Hoc
1317 1981 1379 2027 au·

411 2079 480 2133 tem
502 2067 667 2148 noveris,
688 2066 767 2161 quia
789 2063 941 2160 palmes,
967 2064 1061 2161 quod
1084 2083 1178 2135 extra
1204 2062 1378 2160 ligaturam

409 2173 563 2267 pendens
576 2174 750 2262 habuerit,
768 2173 880 2248 -frullu
893 2177 1010 2248 induet
1025 2204 1034 2248 ε
1048 2171 1243 2276 quodlnfra
1257 2176 1380 2274 ligatu-J

410 2307 505 2371 ram,
518 2286 664 2357 materiae
678 2286 842 2383 sequentis
857 2289 936 2364 anni
956 2289 1141 2384 deputabit.
1159 2305 1163 2314 ’

460 2396 555 2469 XlV.
574 2398 690 2486 Vites,
711 2407 791 2495 quas
813 2399 1020 2496 provinciali
1040 2409 1137 2472 more
1160 2400 1255 2472 velut
1277 2398 1383 2470 arbua

414 2497 520 2571 lculas
545 2503 629 2575 stare
647 2505 741 2596 dixi,
761 2505 788 2576 fi
806 2506 977 2578 instituere
1001 2506 1108 2591 velis,
1125 2529 1269 2576 ramosa
1292 2527 1380 2597 qua·

413 2627 495 2679 tuor
515 2612 665 2705 partibus
687 2613 738 2685 his
760 2613 951 2707 relinques,
968 2617 1005 2684 ὅ(
1028 2612 1062 2681 in
1086 2613 1134 2681 eis
1154 2610 1297 2681 brachiis
1316 2610 1381 2679 sar·

395 2740 527 2788 ‘menta
548 2745 611 2815 pro
629 2720 710 2789 vitis
734 2719 949 2811 posfibilitate
964 2716 1121 2786 servabis.
1133 2719 1231 2782 ·Vites
1245 2705 1402 2802 autem,'
1484 2751 1488 2756 ·

415 2851 494 2921 quae
509 2827 626 2897 cannis
638 2828 675 2894 in
685 2826 804 2894 orbem
820 2841 1005 2918 coguntur,
1021 2811 1065 2890 sle
1079 2833 1249 2915 putentur,
1265 2843 1382 2913 quem·
1438 2911 1441 2916 .

415 2934 599 3002 admodum
622 2958 781 3029 eae‚quae
801 2931 955 3004 nituntur
975 2930 1088 3002 ridicis
1113 2950 1172 3001 aut
1194 2930 1284 3023 palis.
1312 2930 1381 3000 lllae

417 3066 529 3129 vero,
553 3068 628 3136 quae
647 3044 713 3114 fine
731 3041 942 3115 adminiculis
962 3040 1097 3134 jacent,
1112 3040 1205 3135 quod
1222 3064 1285 3135 pro
1310 3040 1382 3111 sola

414 3149 599 3246 indigentia
619 3150 806 3223 faciendum
821 3152 887 3242 esl,
902 3152 959 3223 vel
973 3150 1163 3222 necessitate
1176 3150 1381 3246 provinciae,

414 3260 528 3356 primo
547 3285 638 3333 anno
658 3264 737 3335 duas
752 3286 918 3360 gemmas,
932 3262 1054 3360 deinde
1072 3260 1184 3355 plures
1198 3259 1396 3332 habebunt.³

415 3373 479 3443 Sed
501 3371 596 3466 hujus
610 3374 738 3469 generis
760 3374 862 3445 vin'ea
881 3372 1022 3444 slrislius
1041 3371 1089 3442 ¹ell
1102 3371 1258 3465 putanda.
1387 3361 1390 3368 ’

463 3480 541 3550 XV.
563 3479 746 3551 Novellam
768 3482 873 3553 vitem
898 3480 1090 3552 Columella
1119 3481 1201 3551 dicit
1227 3506 1244 3549 a
1267 3480 1381 3574 ptimo

417 3614 508 3662 auno
530 3590 571 3660 ad
587 3577 878 3661 unam'matetiam
898 3589 961 3660 elle
981 3589 1219 3677 formandam,
1240 3617 1301 3661 nec
1325 3617 1381 3661 re·

415 3700 591 3773 cidendam
612 3720 737 3789 totam,
753 3701 837 3774 sicut
855 3699 957 3772 ltaliae
972 3699 1182 3771 consuetudo
1207 3702 1272 3780 est,
1287 3725 1381 3771 anno

416 3809 564 3883 secundo
588 3813 745 3906 expleto,
759 3812 836 3908 quia
851 3810 908 3883 vel
928 3810 1094 3882 intereant
1118 3813 1205 3882 vites
1219 3812 1253 3879 in
1269 3829 1380 3880 totum

417 3926 553 4013 tecisae,
576 3915 634 3995 v'el
653 3923 854 3996 infoecunda
876 3923 1038 3995 sarmenta
1066 3924 1280 4017 producant,
1305 3945 1381 4016 quae

419 4051 594 4125 amputato
613 4032 721 4127 capite
738 4032 832 4102 velut
854 4033 1060 4128 pampinaria
1080 4033 1120 4103 de
1139 4035 1224 4103 duro
1250 4055 1382 4124 cogun-

419 4159 474 4211 tur
493 4140 608 4213 exire:
629 4165 733 4236 quare
748 4140 841 4233 juxta
868 4141 971 4236 ipsam
995 4143 1240 4214 commissuram
1256 4142 1381 4211 veteris

420 4248 595 4333 sarmenti,
616 4273 717 4319 unam
738 4249 795 4320 vel
814 4249 892 4319 duas
910 4274 1056 4345 gemmas
1080 4245 1302 4347 [censemus]
1325 4271 1381 4318 re·

420 4354 645 4455 linquendas:
668 4357 764 4453 quod
791 4355 837 4430 est
863 4357 988 4430 merito
1011 4356 1049 4440 in
1076 4356 1216 4435 viticula
1236 4354 1389 4428 fortiore·
