3875 5759
386 915 388 922 ·
510 910 1254 996 tmtttttunuuntus.
1326 939 1378 1017 99

418 1083 559 1159 modum
570 1079 693 1181 „qnod
712 1076 846 1151 immiffi
865 1063 974 1150 vineis
987 1074 1132 1159 necdum
1145 1073 1384 1173 turgentibus,
1503 1127 1506 1131 -

387 1179 392 1185 ’
419 1192 477 1266 vel
490 1193 602 1265 exesse
617 1187 791 1263 vindemia
799 1185 952 1289 gramine
964 1184 1161 1285 persecuto,
1174 1184 1383 1287 diligentium

418 1297 757 1374 soffo'tisimitantut.
993 1371 995 1379 ,

468 1408 614 1481 xxvu
633 1402 789 1501 inhujus
803 1396 924 1477 mentis
943 1397 1046 1476 initio
1065 1400 1163 1478 aliter
1181 1403 1324 1506 myrtite
1337 1406 1385 1485 lic

421 1516 534 1590 facies.
557 1515 671 1589 Mittes
687 1511 763 1587 vini
780 1514 905 1590 vetetis
916 1513 1208 1602 decemsetttatios
1221 1515 1257 1587 in
1274 1515 1387 1617 lague-

420 1650 466 1698 na
477 1621 539 1712 ,δι
556 1624 736 1719 baccatum
755 1624 862 1725 myrti
883 1625 985 1700 libras
998 1645 1026 1695 v
1042 1623 1204 1698 miscebis.
1221 1644 1300 1699 cum
1324 1642 1384 1703 xx
1396 1658 1429 1682 x

396 1738 461 1809 .&
486 1734 633 1833 duorum
657 1734 787 1807 dietum
810 1732 952 1829 spatium
978 1731 1119 1806 confusa
1144 1733 1386 1833 transegerint,

338 1848 342 1855 '
422 1866 483 1939 pet
504 1866 593 1938 quos
613 1865 673 1915 vas
691 1840 846 1937 quotidie
863 1840 1032 1914 convenit
1050 1839 1189 1937 agitati,
1208 1860 1292 1919 tunc
1313 1848 1389 1943 pal.

423 1976 496 2022 mea
522 1949 635 2046 sporta
661 1948 812 2035 colabit,
840 1950 878 2020 δι
905 1947 1073 2043 predictis
1096 1948 1213 2022 decem
1238 1951 1389 2034 sextariis

423 2059 532 2132 mellis
543 2058 676 2154 ¹optimi
695 2055 832 2128 fortiter
844 2055 916 2129 triti
939 2058 1059 2153 pondo
1077 2078 1106 2129 v
1124 2058 1290 2138 miscebis.

472 2171 634 2243 XXVlll.
654 2167 855 2243 Theriacem
880 2170 988 2245 vitem
1011 2170 1057 2245 sic
1075 2170 1306 2269 sttcies„cujus
1328 2171 1389 2253 itte

426 2280 597 2378 profectus
618 2279 684 2370 esi,
699 2299 737 2353 ut
756 2280 873 2353 vinum
887 2280 981 2377 ejus,
994 2283 1053 2362 vel
1064 2302 1217 2373 acetum,
1231 2287 1288 2360 vel
1299 2293 1405 2381 uva,'

426 2387 482 2462 vel
494 2386 738 2460 sarmentorum
755 2385 841 2461 cinis
857 2386 1015 2485 proficiat
1031 2408 1154 2487 contra
1167 2394 1296 2466 morsus
1310 2419 1393 2468 om·

426 2497 521 2569 nium
543 2495 734 2572 bestiarum.
755 2498 807 2568 Fit
828 2514 941 2568 eutem
958 2496 1030 2570 stc:
1050 2500 1282 2588 Sarmentum,
1294 2501 1392 2598 quod

426 2605 641 2703 pangendum
653 2603 721 2694 est,
735 2605 836 2679 trium
849 2604 1036 2699 digitorum
1050 2602 1157 2700 spatio
1169 2606 1205 2676 in
1219 2606 1286 2681 ima
1298 2633 1393 2703 parte

427 2712 592 2797 findatur,
605 2715 644 2785 δι
662 2710 788 2800 sublata
803 2709 952 2781 medulla
964 2708 1006 2779 ad
1024 2708 1096 2801 ejus
1109 2710 1222 2785 vicem
1235 2713 1395 2792 thetia'cae

429 2824 642 2907 medicamen
658 2821 809 2891 addatur.
825 2835 908 2889 tunc
932 2834 1032 2888 tettae
1050 2808 1230 2891 mandetur
1250 2822 1396 2900 vinculo

377 3017 381 3022 .
431 2930 610 3025 diligenter
620 2923 821 2997 adllridlum.
831 2922 948 3021 Aliqui
958 2924 1073 2997 eadem
1084 2924 1246 3002 sarmenta
1255 2924 1321 3027 iant
1333 2958 1398 3011 me·

432 3034 602 3111 dicamine
617 3035 754 3122 satiate,
775 3035 864 3106 intra
877 3033 1004 3133 squillae
1018 3035 1160 3111 bulbum
1179 3045 1397 3144 recondunt,

434 3152 473 3221 &
486 3144 584 3218 tertis
603 3143 758 3241 praeditln
773 3142 907 3215 tatione
925 3144 1158 3221 committunt.
1179 3149 1295 3248 Aliqui
1308 3158 1400 3237 antia,

433 3253 507 3328 doti
522 3251 595 3347 ejus
608 3250 771 3324 effusione
784 3250 913 3324 radicet
927 3250 1008 3324 vitis
1023 3251 1218 3329 infundunt.
1231 3260 1317 3334 Sane
1329 3264 1397 3339 sat·

433 3359 645 3448 mentum-‚st
664 3360 706 3431 de
725 3359 788 3431 hac
809 3358 881 3450 vite
896 3358 1044 3432 sumetur
1057 3362 1099 3433 ad
1111 3359 1400 3464 transferendum
1516 3401 1519 3407 ·

434 3472 623 3571 potentiam
637 3469 779 3541 materni
795 3468 1022 3540 medicaminis
1036 3494 1108 3543 non
1123 3474 1263 3549 tenebit.
1278 3480 1402 3577 Opone
1469 3507 1470 3511 ¹

435 3582 520 3656 tebit
540 3598 652 3651 autem
680 3578 839 3651 theriacae
857 3568 1028 3663 infufione
1049 3580 1195 3674 ellidua,
1214 3586 1286 3660 vim
1308 3590 1400 3668 succi

436 3690 634 3767 senescentis
654 3690 786 3762 iterare.
1063 3741 1067 3749 .

485 3802 617 3876 XXlX.
640 3799 696 3873 Est
716 3798 858 3895 pulchra
871 3796 995 3895 species
1007 3821 1108 3891 uve,
1125 3798 1203 3899 'quae
1218 3805 1331 3901 granis
1347 3806 1401 3882 in.-

438 3912 620 3987 terioribus
640 3928 740 3982 caret.
765 3908 856 3981 Hinc
876 3910 1040 4000 efficitur,
1053 3930 1090 3983 ut
1103 3910 1228 3985 summu
1242 3913 1402 4004 jucundi·

440 4042 508 4096 tate
521 4022 590 4094 fine
610 4019 853 4116 impedimento
869 4019 997 4093 sotbeti
1017 4022 1137 4118 poffit,
1156 4023 1280 4120 [velut
1295 4013 1401 4104 unum

399 4194 403 4204 .
442 4130 596 4204 omnium
612 4152 739 4223 corpus
753 4128 929 4227 uvarumJ.
948 4129 999 4202 Fit
1011 4148 1122 4204 autem
1142 4130 1273 4204 Gtaecis
1288 4136 1403 4229 tudd-

442 4239 535 4310 tibus
547 4237 610 4308 hac
621 4234 751 4306 tatione
767 4258 827 4329 pet
839 4254 944 4307 artem
961 4234 1159 4308 succedente
1172 4256 1290 4309 natuta
1304 4265 1314 4312 z
1327 4241 1405 4314 Sar·
1484 4314 1486 4319 .

441 4370 592 4444 tuentum
605 4400 617 4439 ‚
630 4347 725 4446 quod
742 4339 956 4422 obruendum
967 4346 1014 4423 esl
1024 4396 1039 4443 ,
1051 4363 1216 4526 quengum
1231 4348 1347 4425 latebit
1361 4352 1401 4451 in

1193 4478 1213 4527 2
