3875 5759
460 868 555 1011 ‘292
651 909 1286 1008 victimarium

483 1095 562 1147 nem
575 1096 619 1145 ex
633 1069 744 1166 aliqua
756 1068 943 1143 necellitate
955 1066 1392 1161 contraxerint,continuo
1404 1072 1444 1146 in

483 1182 625 1282 aliquod
640 1204 745 1277 genus
759 1178 915 1281 incidunt
936 1179 1061 1256 morbi.
1080 1180 1238 1279 Diligens
1253 1180 1365 1279 itaque
1380 1208 1443 1278 pa·

482 1287 699 1375 rerfamilias,
715 1312 797 1360 cum
820 1290 988 1370 mortibus
1014 1289 1208 1362 animalium
1239 1290 1378 1373 suorum
1405 1294 1445 1366 &

484 1427 560 1477 curn
572 1396 748 1470 medicina
765 1400 916 1497 expenfis
929 1417 1029 1499 atque
1048 1396 1264 1475 mercedibus'
1275 1402 1375 1475 faciat
1390 1426 1444 1474 ra·

403 1563 405 1570 -
482 1508 633 1595 tionem,
651 1505 835 1606 intelliget,
855 1506 955 1580 unius
976 1507 1126 1582 vilisimi
1140 1506 1282 1603 jumenti
1297 1509 1444 1606 pretium

481 1616 524 1689 ad
541 1615 752 1701 multotum,
770 1642 845 1715 quae
857 1615 927 1689 line
940 1616 1046 1689 dubio
1068 1617 1215 1714 petitura
1228 1618 1325 1713 sunt,
1340 1620 1365 1693 sr
1379 1643 1443 1695 cu·

482 1741 553 1798 rata
573 1748 646 1799 nou
666 1723 958 1817 suerint,salutem
981 1722 1074 1821 posse
1093 1722 1263 1799 sufficere..

813 1909 1122 2019 Carual.
1245 1917 1247 1921 ⁵

486 2108 555 2239 Iu
585 2161 744 2237 universo
776 2161 1001 2236 animantium
1030 2188 1153 2263 genere
1182 2175 1282 2257 caput
1311 2158 1447 2236 obtinet

481 2271 729 2370 principatum,
743 2268 838 2375 quoti
855 2268 1059 2344 eminentius
1080 2271 1218 2361 ceteris,
1233 2270 1444 2344 dominatum

464 2379 648 2479 ’quendam
671 2377 759 2453 circa
771 2377 842 2452 loci
862 2378 964 2475 ipsius
981 2378 1218 2452 conditionem
1238 2376 1387 2452 sortitur.
1408 2385 1445 2453 ln

483 2475 529 2564 eo
548 2487 595 2565 est
608 2488 712 2572 odor,
730 2487 861 2587 gustus,
880 2485 1036 2575 auditur,
1049 2510 1088 2590 ac
1104 2486 1211 2558 visus:
1226 2487 1322 2582 quod
1336 2515 1444 2585 quan·

483 2618 556 2675 tum
569 2600 668 2673 habet
683 2596 873 2695 potestatis,
886 2605 1016 2669 tantum
1030 2594 1163 2685 sustinet
1177 2619 1220 2667 ex
1244 2595 1359 2667 labore
1378 2596 1445 2671 dis·

484 2708 648 2787 criminis.
667 2706 793 2781 Causas
807 2705 936 2805 itaque,
950 2730 994 2779 ex
1019 2702 1139 2804 quibus
1158 2701 1370 2801 egritudines
1391 2730 1446 2804 ge·

483 2842 665 2909 nerenntr,
680 2818 719 2892 &
733 2816 844 2917 ligna,
856 2841 916 2915 per
928 2840 1004 2914 qua
1017 2813 1157 2914 qualitas
1170 2812 1356 2886 eorundem
1370 2813 1445 2909 pos·

484 2926 526 2999 sit
541 2924 698 3023 agnosci,
713 2947 809 2995 curas
823 2925 946 3013 etiam,
961 2949 1101 3022 quarum
1120 2922 1248 2997 medela
1262 2919 1383 2994 sanitas
1397 2947 1444 2997 re·

484 3043 656 3116 vocetur,
683 3053 744 3126 per
765 3030 919 3105 ordinem
949 3030 1099 3105 indicare
1124 3030 1341 3104 tentabimus.
1370 3031 1444 3105 Ple·

484 3161 626 3235 rumque
647 3144 763 3209 autem*
782 3136 819 3207 llr
839 3136 1044 3231 corporibus
1062 3136 1295 3231 jumentorum
1315 3137 1443 3235 indige·

373 3294 377 3303 ·
483 3245 603 3321 stionis
628 3244 719 3320 vitio
746 3244 879 3343 sanguis
903 3246 1162 3341 corrumpitur:
1189 3249 1283 3343 quod
1302 3249 1444 3340 evenit,

483 3383 563 3435 cum
585 3383 629 3433 ex
646 3354 726 3431 aestu
744 3356 803 3430 vel
826 3354 952 3454 frigore
976 3354 1145 3429 debilitata
1170 3354 1246 3428 sunt
1269 3357 1443 3449 membra,

377 3456 379 3459 ¹
484 3453 524 3543 δέ
545 3464 712 3563 incapite
737 3463 844 3539 srixus
862 3462 992 3561 sanguis
1015 3464 1160 3538 vertitur
1179 3462 1215 3536 in
1232 3463 1339 3539 virus.
1362 3484 1444 3541 tunc

484 3573 728 3673 enimgrepletis
751 3574 848 3647 venis
863 3576 991 3652 cerebri
1010 3574 1202 3648 membrana
1224 3575 1444 3670 distenditur,

485 3683 654 3760 &somni
675 3682 897 3757 salubritatem
912 3682 1103 3781 frequenter
1124 3682 1283 3757 excludit.
1303 3686 1356 3756 Ex
1374 3700 1444 3784 quo

484 3794 670 3891 necessario
690 3794 793 3869 dolor
812 3794 950 3891 capitis,
971 3793 1154 3885 moestitia,
1173 3796 1211 3866 δι
1230 3792 1444 3869 imbecillitas

483 3905 583 3980 subit.
602 3908 693 4001 Quae
715 3907 876 3980 valetudo
893 3906 1053 4003 &prima
1074 3906 1233 3992 videtur,
1252 3907 1291 3978 δι
1305 3905 1446 4000 levior,

483 4016 511 4089 si
533 4016 639 4090 velox
657 4004 827 4090 medicina
846 4015 1052 4093 subvenerit.

532 4128 572 4200 ll.
587 4126 747 4198 Ceterum
762 4150 838 4198 cum
859 4122 983 4196 noxius
998 4124 1126 4222 sanguis
1141 4123 1371 4198 membranam
1390 4149 1447 4200 ce·

484 4234 572 4309 rebri
590 4237 628 4310 δι’
645 4257 690 4308 err
703 4260 770 4308 una
790 4254 883 4331 parte
896 4234 1100 4328 pertuderit,
1112 4237 1148 4308 bt
1162 4235 1300 4306 eandem
1321 4237 1445 4309 dolore

484 4342 594 4419 nimio
613 4342 758 4448 coepetit
775 4365 1004 4444 praegravare,
1020 4342 1163 4420 efficitur
1182 4343 1306 4451 animal
1322 4344 1446 4445 appion
