3875 5759
569 910 700 998 naris
725 906 939 979 vernum.
964 893 1064 976 siun
1089 902 1280 975 utunou
1333 924 1400 997 34¹

447 1074 527 1144 dum
544 1066 808 1168 est,s1ve'quod
828 1066 1008 1144 inutilis&
1030 1066 1163 1165 pestifer
1177 1069 1405 1166 humorexu·
1435 1066 1438 1072 ’
1511 1097 1514 1106 ¹

447 1182 526 1269 dat,
542 1182 612 1256 sive
627 1176 834 1278 ¹conc'eptum
854 1206 897 1253 ex
914 1180 1023 1277 pastu,
1030 1179 1085 1251 vel
1104 1197 1212 1274 opere
1222 1178 1327 1276 frigus
1340 1205 1404 1251 ex·

446 1293 605 1389 pellitur,
618 1292 689 1366 five
702 1294 736 1365 in
752 1293 961 1366 flammarum
973 1292 1079 1365 halitu
1087 1288 1223 1367 interna
1234 1309 1405 1367 curantur.¹

445 1403 647 1500 Praesopium
674 1423 810 1501 oportet
827 1404 1025 1496 exslrudlum
1050 1403 1114 1476 esse
1137 1403 1340 1503 diligenter,
1361 1426 1404 1476 ne

446 1512 531 1611 quid
552 1514 665 1611 pabuli
684 1513 773 1589 inter
790 1518 889 1612 pedes
913 1515 1105 1589 animalium
1130 1534 1255 1609 pereat.
1281 1514 1428 1612 Bouile'
1542 1503 1548 1523 ⁸

446 1644 558 1696 autem
578 1624 659 1700 loco
679 1624 769 1700 ficco
789 1626 998 1700 statuendum
1017 1625 1064 1707 est
1077 1678 1087 1713 ,
1101 1626 1289 1723 assidueque
1303 1642 1408 1717 niun-¹¹
1525 1633 1529 1644 '

445 1732 594 1805 dandum
612 1733 682 1824 est,
695 1733 740 1807 ita
764 1735 858 1831 quod
877 1734 1032 1832 quotidie
1052 1733 1211 1827 pabulum
1230 1735 1271 1805 a'd
1298 1736 1404 1807 edena
1485 1792 1490 1799 .
1572 1783 1576 1790 -

446 1842 524 1937 dum
540 1842 660 1917 inutile
674 1844 921 1931 substernatur,
936 1862 974 1914 ut
989 1844 1099 1914 boves
1112 1841 1230 1915 siccius
1253 1844 1292 1914 δι’
1313 1843 1403 1913 mol·
1446 1928 1453 1943 ι

442 1948 509 2022 lius
526 1955 667 2028 cubent.
689 1957 754 2028 Par
772 1977 912 2050 quoquc
938 1949 1079 2021 studium
1098 1949 1145 2021 est
1156 2003 1169 2036 ,
1192 1976 1269 2022 cum
1294 1950 1406 2021 boves
1512 2039 1514 2044 Ι

444 2082 651 2133 revocantur
673 2086 714 2133 ex
735 2085 839 2155 opere
854 2113 866 2147 ,
883 2076 919 2130 ut
935 2058 1024 2131 colla
1037 2068 1156 2131 eorum
1178 2055 1325 2129 euvino
1350 2078 1404 2128 te·

443 2166 528 2261 pido
541 2168 806 2263 perfundantur,
821 2166 858 2245 δὲ
875 2170 1052 2262 diutiffime
1068 2168 1300 2265 perfrieentur.
1312 2168 1403 2240 Cum

445 2299 532 2346 vero
548 2276 589 2347 de
605 2276 661 2349 via
683 2278 740 2350 vel
758 2278 850 2375 paslu
872 2280 1012 2351 redeunt
1032 2278 1211 2370 lutulenti,
1229 2275 1402 2364 adhibita,

442 2380 634 2484 priusquam
650 2386 857 2460 deducantur
867 2389 909 2460 ad
922 2388 1062 2472 bovile,
1078 2413 1165 2485 aqua
1181 2383 1330 2457 diluendi
1340 2408 1403 2483 pe·

442 2492 521 2592 des,
537 2519 580 2565 ne
593 2495 793 2570 inhaerentes
807 2498 946 2592 corpori
967 2497 1078 2582 sordes
1099 2497 1206 2568 ulcera
1219 2512 1401 2589 generent,
1465 2507 1468 2514 '

442 2600 500 2673 vel
519 2604 661 2699 ungulas
679 2602 809 2675 -faciant
829 2604 1027 2689 molliores,
1042 2603 1098 2676 vel
1113 2621 1202 2673 certe
1215 2598 1402 2670 molestiam

440 2713 743 2801 manducantibus,
761 2712 818 2784 vel
832 2711 1100 2806 inquietudinem
1116 2709 1255 2780 afferant
1271 2705 1401 2776 dormi·

343 2847 345 2851 ’
441 2819 539 2893 turis.
559 2821 623 2891 Sed
641 2820 750 2891 hieme
762 2819 859 2890 omni
877 2816 1024 2889 sollertia
1034 2816 1137 2913 frigus
1152 2816 1198 2888 esi
1212 2813 1418 2910 prohiben··

441 2925 544 3010 dum,
555 2924 653 2997 velut
674 2923 796 2997 aellivis
816 2924 982 2996 mensibus
1003 2950 1085 3020 pura
1106 2948 1186 2995 aura
1209 2921 1399 3019 quaerenda.

441 3035 504 3103 Per
524 3033 613 3106 diem
632 3032 733 3131 igitur
755 3030 814 3103 sub
833 3034 977 3120 umbra,
999 3058 1057 3128 per
1076 3032 1209 3103 noslem
1233 3028 1291 3101 sub
1315 3027 1400 3101 diuo

441 3142 550 3217 boves
566 3145 649 3217 slare
662 3144 837 3220 convenit.
849 3170 919 3217 non
938 3145 1026 3217 enim
1042 3144 1232 3241 pauciores,
1244 3142 1269 3213 fi
1283 3141 1401 3213 aettua-

440 3254 578 3343 verint,
601 3254 745 3354 quamsi
771 3254 931 3345 alsetint,
950 3253 1120 3351 colligunt
1139 3255 1290 3343 morbos.
1314 3253 1399 3324 Prte-

439 3380 530 3436 terea
555 3390 659 3437 unum
689 3389 797 3436 ovum
824 3365 964 3436 crudum
987 3389 1063 3437 cum
1089 3357 1225 3435 liemin'a
1247 3361 1342 3450 salis,
1361 3364 1400 3436 &

440 3472 617 3544 sextarium
639 3472 713 3544 vini
732 3496 793 3565 per
815 3470 942 3565 singula
964 3473 1071 3566 capita
1092 3472 1233 3569 septimo
1255 3457 1399 3541 diffundi

440 3582 725 3676 percommodum
749 3579 806 3651 esl.
826 3580 925 3653 Juvat
946 3582 1070 3671 etiam,
1085 3582 1109 3653 st
1126 3583 1240 3656 allium
1266 3577 1400 3652 tunsum
1469 3572 1470 3575 ¹

440 3688 576 3762 hircino
598 3687 734 3762 misceas
756 3688 866 3777 sevo,
888 3691 1023 3777 herbam
1049 3715 1189 3789 quoque
1217 3689 1400 3763 verbenam

441 3796 586 3869 additam
614 3796 767 3888 deteras,
792 3818 900 3871 rutam
927 3800 1088 3887 herbam,
1108 3799 1205 3871 etiam
1235 3794 1400 3895 pollinem
1452 3856 1456 3865 ,
1528 3841 1535 3854 ·
1591 3783 1599 3806 ⁰

362 3900 364 3903 ’
440 3906 603 4002 inungas,
625 3907 662 3978 δι
684 3931 762 3979 curn
785 3906 868 3980 vino
888 3932 946 4002 per
972 3931 1013 3978 os
1034 3906 1173 4004 digeras.
1197 3904 1405 3991 Cavendum
1446 3981 1449 3986 .

356 4059 362 4070 ·
409 4020 413 4029 '
440 4014 611 4108 praecipue
636 4011 765 4100 est,ne
790 4031 846 4087 aut
872 4014 970 4086 cursu
992 4014 1119 4099 nimio,
1140 4032 1197 4085 aut
1218 4012 1324 4107 longo
1344 4007 1400 4081 iti·
1447 4035 1451 4049 ¹

442 4144 522 4191 nere
541 4121 741 4219 fatigentur,
763 4122 820 4193 vel
845 4123 922 4197 ullis
945 4123 1160 4219 gravioribus
1177 4142 1266 4193 certe
1282 4116 1400 4189 oneri·
1456 4187 1459 4191 .

443 4228 505 4299 bus
529 4228 726 4325 affligantur.
747 4230 884 4302 nimiam
904 4233 994 4305 enim
1017 4229 1238 4304 lassitudinem
1251 4223 1420 4323 sequitur!

429 4335 634 4435 ¹aegritudo,
654 4342 692 4414 δι
713 4365 815 4415 omne
830 4342 959 4419 animal
970 4341 1018 4414 est
1035 4336 1200 4424 debile,s1
1221 4334 1403 4433 rumpitur,

1132 4447 1209 4544 Ys
