3875 5759
559 914 632 994 '270
746 898 1255 976 vncurrrurss.
1304 905 1332 977 1.

508 1135 511 1141 ,
607 1058 726 1130 XLHI.
746 1054 1022 1146 Suntanimalia,
1040 1054 1161 1153 quibus
1174 1058 1298 1133 assidue
1311 1060 1439 1136 ventris
1453 1062 1522 1138 int?

558 1165 675 1265 pendit
695 1163 819 1251 dolor,
837 1162 896 1260 qui
918 1162 1075 1260 ssropbus
1094 1167 1304 1262 appellatur,
1319 1172 1358 1245 δι
1379 1173 1440 1244 hac
1465 1196 1523 1243 ra·

557 1276 657 1348 tione
685 1268 888 1369 concipitur.
919 1273 1088 1344 Interdum
1117 1272 1219 1348 sudor
1245 1278 1437 1355 animalium
1464 1275 1525 1352 vel

558 1384 669 1456 nimio
688 1375 805 1467 cursu,
825 1378 879 1449 vel
895 1378 1011 1452 labore
1026 1381 1220 1478 profluens,
1233 1386 1268 1458 in
1281 1387 1424 1463 internis
1441 1388 1525 1461 resr-

469 1564 471 1568 Α
552 1495 616 1567 det
627 1493 713 1563 intra
729 1488 859 1561 ventris
876 1487 1179 1591 intestinorumque
1192 1498 1446 1594 compaginem,
1461 1494 1525 1594 qui

554 1600 760 1701 punffiones
781 1598 984 1697 doloresque
1003 1601 1134 1695 praestat
1152 1602 1302 1679 interius.
1320 1611 1357 1681 &
1377 1633 1453 1680 cum
1467 1626 1526 1681 ro·⁴

554 1710 793 1786 1umalabore
811 1708 1003 1797 cessaverit,
1018 1734 1057 1782 ac
1070 1708 1240 1784 refrixerit
1257 1740 1381 1810 corpus
1393 1716 1527 1787 anima·

555 1816 622 1909 lis',
645 1818 745 1894 cessat
757 1821 796 1891 δι
809 1818 921 1892 dolor.
935 1818 1000 1888 Sed
1012 1843 1088 1891 cum
1105 1844 1123 1890 a
1143 1820 1259 1892 labore
1280 1822 1424 1894 calefieri
1444 1848 1527 1893 coe-

449 1962 451 1968 ’
557 1930 676 2029 petit,
700 1926 812 2001 rursus
830 1926 1013 2016 exoritur,
1033 1928 1072 2001 δι
1091 1927 1169 1999 ideo
1191 1930 1344 2025 strophus
1368 1950 1528 2005 vocatur.

558 2066 638 2113 nam
650 2038 842 2135 frequenter
851 2035 1042 2124 volutatur,
1055 2037 1095 2110 &
1107 2060 1183 2110 cum
1196 2036 1386 2127 surrexerit,
1397 2057 1525 2110 tetram

374 2227 377 2240 ,
447 2245 450 2250 ¹
557 2150 704 2248 pedibus
723 2143 856 2232 tundit,
877 2148 915 2218 δι
937 2145 1107 2217 interdum
1128 2148 1362 2245 tetramquasr
1383 2149 1529 2227 mandu·,

558 2282 639 2333 care
660 2272 824 2342 conatur,
840 2255 879 2327 δι
895 2251 1009 2346 jacens
1025 2254 1162 2327 videtur
1180 2256 1270 2351 quasi
1292 2257 1448 2352 pusillum
1468 2280 1529 2327 re·

559 2366 757 2467 quiescere,
777 2364 816 2438 &
831 2363 968 2461 surgens
982 2364 1083 2437 citius
1097 2366 1269 2442 ambulare
1291 2367 1321 2438 se
1343 2368 1446 2463 cogit.
1460 2367 1529 2439 Sed

560 2499 604 2549 ex
632 2475 699 2548 hac
722 2470 844 2567 injuria
863 2472 1058 2571 srequenter
1078 2473 1271 2548 volutando
1296 2494 1438 2547 ventum
1464 2475 1528 2547 srbi

560 2584 672 2660 nutrit
695 2580 914 2673 intrinsecus,
927 2586 965 2657 δι
978 2579 1016 2655 sir
1034 2584 1262 2681 tympanites,
1277 2609 1319 2656 ex
1333 2607 1404 2681 quo
1420 2587 1458 2658 δι
1471 2582 1530 2677 ju-

558 2710 715 2769 mentum
732 2689 972 2786 rumpitut,&
991 2690 1136 2786 praesens
1149 2691 1228 2765 vitae
1241 2691 1427 2788 periculum
1442 2708 1531 2765 corr-¹

559 2802 723 2901 sequitur.
736 2801 846 2893 Quod
863 2785 986 2872 vitium
1001 2797 1024 2870 fi
1038 2799 1074 2871 in
1094 2820 1293 2898 perpetuum
1314 2800 1443 2874 auferre
1461 2827 1530 2876 vo·

561 2912 689 2997 itteris,
704 2909 939 3006 paracentefim
953 2909 1056 2985 facies
1076 2911 1121 2985 stc
1138 2939 1148 2983 ε
1169 2913 1328 3003 Quatuor
1342 2912 1453 3009 digitis
1466 2912 1530 2986 sub

563 3017 732 3093 umbilico
752 3035 928 3100 veretrum
948 3018 1086 3108 versus,
1109 3022 1223 3091 modio
1244 3022 1378 3094 climate
1399 3023 1531 3097 ventris

503 3176 507 3180 -
564 3128 718 3225 sagittam
731 3125 879 3220 injicies,
890 3144 929 3198 ut
942 3150 1014 3198 non
1025 3125 1134 3199 solum
1148 3147 1258 3202 cutem
1269 3184 1280 3219 ,
1293 3157 1412 3204 verum
1427 3132 1532 3207 etiam

563 3235 791 3337 peritonaeum
809 3236 917 3332 ipsum
934 3234 1074 3331 aperias.
1095 3238 1320 3311 Peritonaeum
1333 3241 1423 3313 enim
1441 3243 1532 3315 dici·

564 3339 623 3423 iut
645 3345 860 3436 membrana,
883 3371 960 3442 quae
979 3344 1134 3418 intestina
1148 3347 1265 3420 omnia
1287 3351 1452 3423 continet.
1475 3353 1533 3425 Ad

565 3456 755 3552 mensusrrm
777 3480 890 3529 autem
913 3453 991 3529 curn
1016 3481 1135 3555 magna
1156 3459 1285 3530 cautela
1306 3460 1534 3555 peritonaeum

566 3557 719 3664 aperies,
740 3591 783 3637 ne
803 3565 957 3638 intestina
977 3567 1102 3657 laedas,
1128 3570 1167 3640 &
1189 3570 1330 3663 praesens
1353 3572 1533 3647 discrimen

565 3676 705 3754 inferas.
723 3676 800 3747 Post
821 3696 953 3749 exemta
969 3676 1084 3776 sagitta
1103 3677 1255 3771 subjicies
1268 3678 1408 3753 fistulam
1424 3682 1535 3755 centi-

495 3874 498 3880 ,
567 3786 710 3872 malem,
733 3811 833 3882 quam
855 3787 1228 3883 mulomedicimortare
1253 3789 1537 3887 consueverunt‚'

568 3896 709 3971 minutis
727 3895 946 3969 foraminibus
964 3897 1140 3994 multisque
1155 3898 1343 3993 pertusam,
1356 3926 1415 3995 per
1429 3926 1535 3996 quam

569 4006 663 4080 soras
685 4004 808 4078 humo'r
832 4025 992 4094 emanat,
1009 4032 1108 4105 quem
1135 4007 1288 4102 suscipies
1314 4009 1349 4078 in
1376 4009 1477 4100 vase,
1494 4011 1537 4088 δι

568 4117 723 4191 invenies
741 4116 883 4213 limpido
897 4118 986 4190 lotio
1004 4118 1159 4199 finirem,
1172 4119 1271 4224 tolles
1284 4143 1369 4190 vero
1383 4145 1453 4191 non
1469 4124 1537 4197 mi.

568 4251 635 4300 nus
656 4227 811 4301 sextario.
831 4228 913 4321 Haec
928 4253 1008 4300 cura
1027 4226 1126 4299 ctiam
1143 4227 1197 4300 illa
1211 4227 1365 4300 animalia
1379 4228 1536 4324 sanabit,

512 4346 514 4351 ’
566 4357 645 4432 quae
667 4338 724 4417 uel
746 4337 878 4437 stupida
897 4337 954 4417 vel
965 4361 1076 4414 macra
1092 4333 1169 4413 sunt
1181 4362 1224 4413 ex
1243 4336 1419 4454 cordione
1434 4338 1535 4439 longi
