3875 5759
470 871 542 970 ,tt
647 865 1269 986 ‘rus'ourrorutz
1370 917 1372 922 -

475 1045 565 1122 lum,
583 1038 743 1108 dominum
761 1033 897 1136 prestare
919 1055 1055 1125 oportere.
1071 1026 1140 1102 Ubi
1165 1044 1352 1101 REGULAE
1378 1026 1445 1101 sunt

473 1142 606 1217 tabellae
626 1142 743 1237 ligneae
762 1140 944 1236 oblonga,
962 1136 1106 1234 quibus,
1122 1154 1159 1206 ut
1176 1134 1214 1204 in
1240 1132 1367 1224 fiscis,
1388 1133 1446 1207 int·

474 1253 584 1351 posita
603 1254 703 1326 bacca
722 1248 818 1346 prelo
832 1248 1059 1338 subjicitur&
1072 1243 1296 1340 exprimitur.
1309 1244 1448 1320 Colunt.

479 1389 523 1436 12
538 1389 547 1434 ε
561 1358 718 1456 suspensa
740 1357 830 1430 mola
852 1358 960 1429 oleant
982 1355 1152 1453 frangite,
1165 1378 1327 1450 eamque
1348 1356 1448 1428 velit

477 1469 627 1567 regulas,
646 1467 703 1540 vel
721 1467 755 1538 in
779 1490 894 1540 novos
914 1463 1013 1552 fiscos
1026 1463 1175 1558 adjicito.
1198 1464 1293 1538 lbid.
1309 1468 1386 1538 Aut
1401 1490 1449 1537 re·

476 1576 582 1676 gulis,
597 1575 621 1646 st
639 1575 850 1649 consuetudo
871 1574 934 1647 erit
957 1573 1125 1671 regionis,
1145 1593 1206 1646 aut
1224 1591 1328 1646 certe
1356 1573 1450 1645 novit

478 1681 603 1758 fiscinis
630 1684 764 1782 sampsae
785 1683 939 1781 exprimi.
960 1679 1045 1758 Plin.
1070 1707 1140 1779 15:
1166 1686 1322 1756 exilibus
1348 1683 1448 1780 regulis

475 1796 552 1886 pede
576 1796 708 1887 indust).
975 1792 982 1806 “
1353 1847 1381 1864 „2

529 1905 618 1976 xttl.
644 1902 816 1978 Lauicinii
831 1903 1049 1978 instrumenta
1070 1901 1146 1974 sunt
1162 1921 1376 1978 MULchA
1391 1899 1451 1979 fite

480 2031 734 2104 mutcrttunt,
751 2039 811 2087 vas
824 2069 835 2102 ‚
850 2016 885 2088 in
908 2017 1004 2112 quod
1027 2014 1077 2085 iac
1097 2012 1305 2110 mulgetur,
1328 2014 1401 2087 five
1419 2010 1451 2082 fit

481 2147 567 2196 urna
589 2125 711 2198 ahenea
734 2125 805 2197 five
826 2124 947 2223 lignea.
966 2124 1148 2197 Mulbiralia
1173 2125 1268 2197 dixit
1291 2123 1452 2222 Virgilius

340 2253 343 2260 '
484 2230 614 2329 Georg.
640 2259 677 2329 3:
694 2235 865 2327 implebunt
878 2237 1050 2307 mubirada
1065 2261 1173 2308 vacca.
1185 2237 1370 2330 Mulgaria
1384 2230 1453 2304 vat·

483 2335 557 2430 gius
577 2359 697 2431 poeta:
712 2348 778 2414 Sed
788 2371 847 2414 nos
859 2369 934 2417 ante
949 2345 1055 2439 casam
1072 2344 1170 2437 tepidi
1183 2346 1361 2439 mulgaria
1375 2341 1453 2415 mitt

483 2445 650 2547 Etfinrtm
669 2449 739 2518 viru·
753 2447 898 2548 affamur
907 2478 1020 2543 ponere
1033 2453 1170 2524 Bactbro.
1183 2453 1399 2527 CYMBIUM
1416 2450 1455 2523 est

338 2557 352 2566 '
483 2577 548 2627 vas
565 2557 603 2629 δι
618 2558 781 2652 poculum
794 2585 813 2631 a
828 2557 962 2659 cymbae
975 2555 1079 2658 figura
1098 2557 1250 2648 diuum,
1267 2559 1308 2632 in
1322 2585 1398 2659 quo
1409 2560 1455 2631 iat

484 2659 641 2756 servare,
659 2671 697 2743 δι
711 2668 775 2741 Dis
790 2669 944 2742 manibus
956 2662 1060 2741 libare
1080 2668 1251 2742 solebant:
1267 2670 1333 2743 etsi
1348 2674 1455 2742 Varro

487 2780 612 2869 cymbia
632 2778 733 2851 refert
752 2779 932 2852 interrasa
953 2779 1105 2866 vinaria'3
1121 2780 1204 2851 Plin.
1233 2803 1281 2874 37
1297 2833 1311 2869 ,
1329 2781 1352 2855 8
1375 2780 1455 2852 inter

487 2889 621 2980 pocula.
642 2891 725 2987 Virg
752 2891 882 2964 AEneid.
898 2916 915 2987 3
933 2916 942 2963 τ
961 2891 1128 2982 Inferimus
1141 2894 1246 2983 tepido
1258 2892 1454 2987 spumantia

487 3001 614 3090 cymbia
643 3003 727 3072 labbe.
753 3000 875 3074 Statius
896 3000 1058 3072 Thebaid.
1084 3000 1130 3070 6:
1158 3003 1254 3093 Capti
1278 3002 1454 3099 grauffima

487 3113 613 3199 cymbia
637 3112 735 3182 labiis.
753 3112 866 3183 §tuus
887 3113 924 3183 δι
945 3130 1088 3199 sinunt,
1106 3133 1163 3184 vas
1180 3112 1385 3184 rotundum
1405 3134 1454 3182 ca·

488 3238 571 3308 pace
596 3216 718 3301 alveo,
742 3216 870 3314 inquo
895 3219 946 3289 lac
961 3219 1134 3289 ‘retinetur
1159 3219 1197 3291 δι
1223 3218 1456 3313 deportatur,

488 3343 591 3418 atque
612 3324 695 3395 oiim
718 3325 817 3398 etiam
843 3325 1046 3398 offerebatur
1073 3327 1153 3400 Diis
1179 3324 1384 3412 minoribus
1405 3354 1456 3401 ru·

488 3432 597 3522 stitis,
615 3453 651 3507 ut
665 3435 810 3532 Priapo,
826 3434 957 3507 Rumiae
968 3458 1034 3522 3'ex
1050 3462 1115 3533 qua
1137 3435 1395 3511 consuetudine
1409 3437 1455 3510 di·

489 3546 538 3619 xit
549 3547 641 3644 Virg
653 3548 769 3645 Eclog.
785 3577 827 3645 7:
839 3553 952 3622 Sinum
967 3550 1077 3639 labiis,
1093 3547 1198 3622 &brac
1210 3574 1238 3621 te
1258 3556 1351 3642 liba,
1366 3555 1454 3624 Pria·

486 3684 544 3752 pe,
560 3658 727 3748 quotannis
740 3659 923 3753 Exsprt‘bate
923 3661 981 3752 sat
994 3659 1039 3758 tsi.
1053 3657 1220 3749 Quamvis
1220 3658 1342 3755 finum
1359 3660 1456 3733 etiam

490 3785 552 3833 vas
567 3760 732 3835 vinarium
750 3764 816 3852 est,
831 3767 954 3860 dequo
972 3767 1081 3836 Varro
1097 3762 1153 3834 lib.
1179 3789 1211 3851 1,
1224 3764 1268 3835 de
1284 3767 1364 3839 vita
1379 3792 1456 3861 pop·

490 3873 593 3947 Rom.
613 3879 667 3947 ubi
686 3901 750 3947 erat
770 3880 880 3949 vinum
901 3879 939 3949 in
958 3878 1064 3971 menfie
1079 3867 1231 3975 postium,
1253 3903 1315 3949 aut
1333 3887 1457 3977 galtolr

491 3987 775 4084 autfinum.1bid.
798 3992 875 4060 Item
891 4012 977 4059 erant
994 3994 1080 4058 mala
1104 3990 1230 4059 vinaria
1242 3989 1356 4086 ,fini,
1373 4020 1457 4087 cym-

340 4145 343 4150 -
492 4098 563 4182 bia,
576 4098 707 4192 tuligmae
716 4152 726 4180 ,
736 4120 872 4191 patera,
891 4097 983 4193 gatti.
1001 4098 1200 4186 FISCELLA,
1216 4117 1459 4188 CALATHUS,

493 4221 651 4293 Fottntn,
667 4206 762 4277 caseo
783 4204 938 4280 faciendo
962 4204 1184 4291 adhibentur,
1200 4203 1353 4304 suntque
1382 4201 1461 4284 iasa

491 4311 641 4390 viminea
661 4314 717 4391 vel
731 4311 872 4415 juncea,
884 4314 920 4391 in
938 4337 1014 4414 quae
1027 4312 1087 4413 ‚lac
1108 4312 1331 4413 coagulatum
1345 4335 1460 4394 trans·
