3875 5759
491 891 574 1045 254
677 945 1271 1022 venusttum.

487 1105 698 1205 quentiffime
710 1103 892 1201 generabit.
905 1105 994 1177 Nam
1012 1130 1091 1182 cum
1105 1106 1172 1180 rita
1190 1105 1365 1205 virtusque
1377 1104 1447 1179 ani·

488 1216 652 1288 arantium
672 1211 828 1287 consistat
851 1211 1093 1313 insanguine,
1117 1216 1228 1287 rursus
1249 1215 1450 1312 tempestive

488 1324 649 1400 detractus
671 1321 800 1420 sanguis
828 1322 968 1419 corpori
994 1325 1148 1420 praestare
1174 1325 1301 1398 adsolet
1325 1325 1446 1397 sanita·

490 1453 568 1506 tem.
591 1428 697 1525 Cujus
726 1429 776 1502 rei
798 1432 871 1503 talis
895 1433 1048 1506 redditur
1071 1433 1170 1506 ratio.
1192 1435 1331 1531 Sanguis
1356 1433 1449 1506 enim

486 1542 641 1616 ciborum
664 1540 914 1638 humorumque
935 1541 1157 1641 indigestione
1177 1559 1372 1637 corruptus,
1388 1565 1453 1637 per

485 1653 635 1726 membra
654 1652 830 1741 discurrit,
855 1654 894 1728 δι
918 1652 1118 1750 languorum
1143 1652 1365 1750 doloremque
1388 1666 1449 1723 aut

485 1762 647 1837 universo
673 1761 843 1858 corpori,
868 1780 924 1835 aut
954 1761 1054 1837 certis
1075 1761 1271 1860 quibusdam
1298 1762 1452 1857 partibus

486 1873 669 1947 consuevit
686 1873 821 1948 inserre.
840 1876 927 1947 Nam
948 1900 1007 1970 per
1027 1872 1297 1948 constridionem
1315 1897 1448 1942 nervo-

486 2008 577 2071 rum,
597 2007 829 2079 venarumque
850 1982 1227 2072 tenstonem,inslati0,
1249 1980 1447 2077 indigestio·

385 2143 398 2161 ,
487 2115 553 2187 que
574 2109 776 2187 generatur:
799 2118 875 2189 quae
896 2088 1106 2185 tensura,'ut
1128 2094 1172 2165 ita
1188 2092 1350 2177 dixerim,
1368 2116 1447 2162 cor·

486 2198 581 2292 poris
602 2198 699 2268 aliter
713 2197 839 2284 laxari,
857 2198 917 2270 nifi
930 2226 989 2295 per
1004 2201 1243 2273 detradionem
1259 2196 1453 2294 sanguinis,

487 2330 558 2377 non
582 2304 704 2400 potest.
729 2306 877 2379 Unicum
901 2309 1257 2406 enim'compendium
1279 2327 1378 2402 atque
1393 2331 1450 2379 re·

486 2413 634 2487 medium
659 2414 732 2504 est,
757 2417 1014 2511 corruptionem
1035 2419 1149 2509 illam,
1164 2446 1242 2517 quae
1265 2438 1388 2507 nocet,
1411 2421 1452 2496 δε

487 2525 579 2619 quasi
601 2523 718 2598 insesla
741 2525 818 2598 tabe
846 2527 1078 2625 aegritudinem
1104 2530 1162 2602 uel
1188 2530 1372 2626 periculum
1396 2528 1451 2625 gi-

486 2634 580 2733 gnir,
601 2659 677 2708 cum
699 2634 869 2734 sanguinis
892 2637 992 2733 ipsius
1011 2637 1132 2711 vitiosa
1151 2660 1243 2735 parte
1263 2638 1455 2714 detrahere·

535 2746 646 2821 XXll.
662 2746 751 2819 Hinc
768 2747 920 2847 plerique
935 2748 1026 2821 veris
1038 2766 1191 2843 tempore
1207 2749 1390 2844 quotannis
1406 2749 1453 2820 de
1516 2840 1519 2852 Α,

487 2852 622 2929 cervice
642 2851 803 2946 jumentis
819 2855 1013 2952 sanguinem
1038 2857 1194 2947 demere,
1210 2860 1245 2929 δι
1261 2857 1305 2928 stc
1321 2857 1356 2926 in
1370 2858 1451 2943 her·
1515 2859 1517 2864 ’

486 2964 564 3035 bam
587 2960 719 3031 mittere
742 2962 957 3035 neceffarium
980 2981 1120 3055 putant,
1136 2990 1178 3035 ne
1200 2964 1305 3035 veteri
1325 2990 1451 3037 corru-

488 3067 617 3163 ptoque
643 3066 774 3161 sanguis
801 3091 915 3137 novus
941 3067 1109 3139 admixtus
1132 3088 1250 3144 natura
1282 3070 1453 3144 calescens

487 3175 690 3247 debilitatem
716 3172 960 3244 valetudinisve
976 3173 1162 3267 periculum
1182 3176 1291 3249 saciat.
1310 3182 1454 3251 Veteres

488 3305 598 3357 autem
609 3278 1103 3379 ‚prudentioresque‘apslores
1117 3282 1240 3378 absque
1258 3286 1454 3362 neceffitate

488 3393 617 3489 depleri
628 3390 782 3465 animalia
797 3409 997 3480 vetuerunt,
1011 3414 1053 3462 ne
1070 3390 1279 3464 consuetudo
1292 3394 1451 3470 minuen-

488 3502 542 3590 di,
560 3504 584 3573 si
608 3519 761 3597 tempore
778 3501 901 3599 aliquo¹
918 3498 1001 3573 falla
1016 3511 1090 3573 'non
1105 3500 1224 3591 suerit,
1239 3502 1343 3574 statim
1358 3503 1451 3581 intra

489 3635 614 3707 corpus
640 3610 797 3681 morbum
826 3636 865 3685 ac
891 3609 1120 3688 valetudinem
1145 3630 1291 3709 generet.
1312 3612 1452 3687 Reslius

488 3748 572 3821 ergo
585 3720 647 3808 est,
662 3721 803 3814 minoris
817 3710 924 3794 aetatis
939 3721 1137 3795 animalibus
1150 3726 1187 3794 δι
1200 3724 1286 3795 bene
1301 3725 1447 3798 valenti·

488 3834 552 3905 bus
572 3856 615 3904 ex
631 3830 720 3903 nulla
740 3850 833 3925 parte
847 3831 1002 3927 corporis
1024 3830 1215 3928 sanguinem
1229 3834 1358 3904 detrahi
1372 3834 1448 3906 abs·

488 3967 555 4040 que
577 3941 712 4037 palato:
738 3942 780 4012 de
800 3966 870 4038 quo
891 3942 1012 4015 affidue
1026 3963 1095 4015 tam
1119 3943 1329 4033 minoribus,
1344 3969 1446 4040 quam

490 4055 650 4141 maturis,
663 4052 882 4128 detrahendus
902 4053 949 4125 esl
971 4053 1118 4141 humor,
1140 4075 1176 4126 ut
1191 4075 1309 4150 caput,
1326 4056 1417 4128 oculi
1434 4110 1447 4147 ,

470 4158 472 4161 ’
490 4150 730 4259 cerebrumque
752 4160 956 4234 releventur.
975 4161 1117 4234 Maturis
1143 4187 1229 4233 vero
1245 4164 1448 4238 animalibus

490 4295 561 4340 non
581 4269 835 4346 incommodum
850 4270 898 4340 esi
913 4268 1042 4365 pulsare
1057 4295 1197 4361 venam,
1212 4298 1288 4345 cum
1307 4273 1446 4345 mittun·

492 4396 546 4449 tur
560 4377 596 4450 in
615 4374 748 4477 pascua,
765 4376 823 4453 llla
837 4396 948 4455 tamen
966 4376 1003 4452 in
1017 4377 1175 4453 omnibus
1184 4432 1197 4474 ,
1212 4379 1271 4479 qui
1290 4380 1446 4479 deplendi
