3875 5759
488 851 1349 994 142sttttutrttU-T1t11
1424 850 1429 856 ’

486 1079 653 1135 amurcam
671 1055 742 1150 pari
761 1055 915 1126 mensura
930 1053 1100 1141 miscebis,
1122 1055 1160 1126 &
1183 1053 1217 1130 iu
1240 1081 1343 1127 unum
1365 1079 1444 1129 cor.

484 1190 558 1264 pus,
571 1161 687 1236 omnia
710 1163 839 1234 sedada
861 1161 991 1234 curabis
1013 1160 1174 1234 adlinere.
1197 1158 1275 1235 Post
1298 1164 1445 1236 triduum

484 1269 661 1358 deinde,fi
680 1293 770 1343 mare
792 1269 944 1342 vicinum
964 1268 1034 1359 ell,
1055 1270 1149 1345 litori
1170 1293 1360 1369 mergantur
1383 1300 1447 1347 ex·

484 1403 594 1456 tremo
611 1405 620 1450 r
637 1378 663 1450 fr
682 1377 718 1449 in
738 1377 854 1450 mediis
866 1377 972 1450 'tertis
995 1378 1180 1475 pascimus,
1194 1407 1280 1477 aqua
1303 1381 1446 1455 coelestis

482 1511 558 1562 cum
573 1484 638 1560 sale
651 1485 822 1585 paululum
837 1482 975 1560 decolla
988 1487 1047 1560 sub
1061 1490 1120 1563 dio
1134 1491 1268 1562 debebit
1283 1517 1446 1587 pecorum

482 1595 640 1690 tonsa&
663 1598 758 1670 unda
782 1595 931 1670 membra
951 1598 1090 1675 diluere.
1118 1604 1196 1674 Hoc
1222 1602 1311 1673 enim
1338 1603 1451 1692 modo,

481 1722 634 1778 curatum
651 1727 753 1801 pecus
774 1721 852 1777 toto
877 1729 992 1798 anno,
1013 1734 1076 1780 nec
1101 1708 1250 1781 scabrum
1271 1708 1344 1780 lieri
1363 1710 1448 1783 dici·

480 1829 558 1904 tur,-
574 1812 776 1912 &prolixas
795 1813 887 1888 lanas
908 1842 1022 1891 creare
1038 1816 1143 1889 fertur
1162 1842 1200 1888 ac
1218 1817 1348 1890 molles.

541 1927 616 2023 Dl.
638 1928 716 1998 Hoc
742 1928 855 2000 mense
880 1928 1012 2003 caseum
1037 1928 1286 2026 coagulabimus
1314 1927 1445 2000 sincero

483 2040 567 2114 lade
584 2034 735 2133 coagulis
751 2037 809 2107 vel
821 2023 899 2135 agdi
914 2039 971 2112 vel
989 2039 1097 2128 hredi,
1112 2038 1170 2112 vel
1180 2037 1353 2134 pellicula,
1369 2061 1444 2133 quae

483 2151 570 2224 solet
583 2146 753 2243 pullutum
769 2148 945 2219 ventribus
959 2150 1145 2241 adhaerere,
1156 2151 1360 2252 velagrestis
1375 2174 1447 2222 car·

483 2258 547 2332 dui¹
564 2254 725 2342 floribus,
750 2258 809 2343 ¹vel
834 2255 916 2327 lade
941 2255 1113 2346 ficulneo,
1133 2261 1192 2347 ‘cui
1215 2260 1320 2331 serum
1349 2261 1448 2331 debet

484 2390 588 2440 omne
607 2364 746 2452 deduci,
764 2384 803 2435 ut
823 2365 863 2437 δι·
885 2365 1091 2459 ponderibus
1114 2388 1281 2463 urgeatur.
1305 2368 1373 2440 Ubi
1394 2369 1448 2437 so·

483 2475 581 2550 lidari
595 2472 757 2569 coeperit,
773 2473 854 2545 loco
869 2497 982 2566 opaco
1000 2484 1164 2568 ponatur,
1176 2494 1235 2574 aut
1251 2474 1394 2571 frigido,
1409 2477 1449 2546 &

483 2585 609 2686 psellus
635 2582 774 2656 subinde
794 2581 929 2675 adjefitis
955 2607 1021 2679 pro
1047 2583 1252 2681 acquirenda
1279 2586 1447 2658 soliditate
1493 2639 1499 2651 .

482 2694 712 2796 ponderibus,¹
726 2693 809 2766 trito
826 2717 866 2766 ac
885 2690 1070 2765 torrefalio
1090 2693 1154 2767 sale
1174 2695 1271 2767 debet
1287 2694 1447 2791 aspergi,

485 2800 604 2897 &jam
624 2802 743 2874 durior
758 2799 992 2874 vehementius
1009 2801 1126 2894 premi.
1139 2801 1216 2873 Poll
1229 2802 1359 2899 aliquot
1379 2803 1449 2875 dies

411 3001 413 3008 y
484 2913 634 2988 solidatae
652 2912 720 3004 jam
741 2910 898 2985 formulae
914 2913 974 3007 per
993 2930 1098 2984 crates
1120 2911 1167 2985 ita
1187 2912 1391 3002 statuantur,
1406 2939 1449 2986 ne

383 3065 387 3076 ·
484 3021 637 3096 invicem
661 3021 694 3094 se
714 3044 921 3116 unaquaeque
950 3020 1135 3119 contingat.
1156 3022 1206 3094 Sit
1231 3041 1340 3096 autem
1366 3024 1449 3095 loco

485 3131 604 3208 clauso
626 3135 664 3226 dt
684 3128 830 3204 aventis
847 3151 1002 3222 remoto,
1016 3150 1052 3204 ut
1072 3130 1327 3204 teneritudinem
1342 3132 1451 3202 servet

485 3261 588 3342 atque
613 3239 865 3338 pinguedinem.
887 3239 980 3311 Vitia
1006 3240 1090 3313 casei
1116 3241 1208 3329 sunt,
1227 3239 1250 3310 fi
1271 3262 1327 3312 aut
1345 3240 1450 3312 srccus
1500 3248 1503 3253 ’

366 3432 370 3440 ,
397 3443 402 3455 ἱ
486 3350 527 3423 fit
547 3340 605 3423 aut
624 3346 812 3421 fistulosus:
828 3349 924 3444 quod
939 3349 1093 3439 eveniet,
1107 3349 1210 3452 autsr
1234 3374 1351 3444 patum
1370 3372 1450 3442 pre·
1523 3375 1526 3381 ¹

488 3484 621 3550 matur,
645 3478 702 3531 aut
720 3458 798 3531 sales
822 3459 947 3533 nimios
971 3460 1131 3556 accipiat,
1156 3481 1212 3531 aut
1234 3461 1347 3532 calore
1370 3458 1450 3530 solis

488 3590 615 3645 uratur.
634 3572 672 3641 In
694 3569 821 3643 recenti
839 3570 936 3643 caseo
951 3569 1168 3644 conficiendo
1185 3571 1288 3667 aliqui
1309 3571 1452 3643 nucleos

412 3733 415 3739 .
447 3677 453 3756 s
489 3677 615 3750 virides
636 3677 756 3772 pineos
775 3694 908 3768 terunt,
926 3696 1025 3776 atque
1038 3680 1083 3751 ita
1104 3678 1214 3749 mixto
1231 3680 1313 3751 lalle
1329 3679 1452 3776 gelant.

490 3789 605 3885 Aliqui
624 3788 782 3886 thymum
805 3792 919 3864 tritum
940 3794 978 3865 ὰ
997 3790 1188 3886 frequenter
1202 3793 1350 3864 colatum
1369 3814 1453 3860 con·

393 3973 398 3988 ,
490 3899 614 3998 gelant.
628 3896 912 3996 Qualemcunque
927 3900 1026 3973 etiam
1040 3898 1190 3993 saporem
1206 3901 1290 3970 velis
1301 3952 1310 3985 ‚
1321 3898 1453 3969 efficere

491 4008 639 4104 potetis,
655 4006 807 4101 adjello,
826 4008 922 4106 quod
943 4006 1101 4104 elegeris,
1125 4009 1371 4097 condimento,
1396 4006 1452 4078 seu

450 4195 452 4199 ,
490 4119 633 4216 piperis,
648 4119 702 4191 seu
718 4116 946 4217 cujuscunque
968 4118 1142 4215 pigmenti.

540 4231 585 4299 X.
609 4230 688 4301 Hoc
710 4227 822 4301 mense
839 4227 1009 4325 incipiunt
1029 4229 1141 4326 augeri
1161 4225 1338 4317 erramina,
1359 4230 1396 4301 δι
1416 4228 1451 4298 in

492 4340 649 4414 extremis
670 4339 828 4417 favorum
852 4340 1004 4440 partibus
1027 4325 1172 4439 majo'res
1199 4360 1354 4420 creantur
1380 4341 1453 4438 api·
