3875 5759
482 893 588 1000 390¹
631 879 985 960 'vncsrtt
1032 845 1320 964 ctn'ur..

483 1043 760 1144 Sudabir,¹ligati
786 1062 884 1117 erunt
913 1046 1023 1133 armi,
1049 1045 1232 1121 ambulabit
1259 1046 1440 1122 incertum

482 1155 683 1258 Sanguinem
708 1155 799 1227 eide
821 1155 953 1231 cervice
971 1158 1145 1244 detrahes,
1165 1177 1262 1231 aceto
1290 1159 1441 1252 oleoque

482 1267 657 1364 permixtis
675 1281 786 1336 totum
808 1289 932 1363 corpus
952 1268 1197 1367 diligentislirne
1211 1268 1441 1357 confricabis,

387 1430 391 1438 .
483 1376 617 1448 levibus
627 1371 910 1446 ambulationibus
923 1378 1148 1450 exercendum
1166 1377 1232 1466 est,
1250 1379 1286 1451 dt
1300 1379 1342 1448 ab
1355 1378 1440 1448 hor·

483 1489 550 1561 deo
576 1484 709 1579 penitus
732 1483 973 1561 abstinendum.
995 1488 1061 1562 Cui
1088 1488 1252 1581 ejusmodi
1284 1488 1442 1561 subvenit

482 1594 582 1693 potio
598 1623 607 1670 :
623 1595 771 1702 Brassica
792 1594 874 1669 folia
892 1599 1091 1684 contundis,
1107 1600 1311 1697 succumque
1325 1598 1441 1694 expri-

480 1705 545 1781 mis
558 1761 574 1806 ,Ι
593 1708 631 1781 δι
648 1706 795 1805 myrrhae
816 1706 1007 1804 pulverem,
1021 1710 1059 1781 δι
1082 1733 1199 1805 parurn
1223 1708 1443 1805 liquaminis,

481 1818 521 1891 δι
535 1816 655 1890 vinum
670 1835 768 1890 vetus
780 1817 945 1913 optimum
958 1817 1092 1906 misces,
1104 1820 1199 1917 quod
1213 1845 1271 1914 per
1287 1821 1443 1892 triduum

482 1952 544 2028 per
563 1950 605 2000 os
624 1926 806 2015 defundes,
829 1925 874 1998 ita
893 1926 1034 2025 digestio
1053 1930 1092 2002 δι
1114 1928 1229 2001 sanitas
1250 1928 1446 2023 conseque·

483 2057 549 2112 tur.
568 2033 742 2135 Aliquanti
764 2032 1028 2132 praecantatione
1049 2027 1178 2134 tentarit
1199 2035 1311 2108 afferre
1331 2060 1447 2106 reme-

483 2148 652 2245 dia,quae
677 2145 807 2219 vanitas
835 2146 878 2217 ab
898 2144 1041 2218 aniculis
1069 2145 1148 2217 solis
1173 2144 1338 2241 diligenda
1366 2143 1446 2233 est,

483 2282 562 2331 cum
574 2254 745 2343 animalia,
756 2253 841 2326 ficut
853 2254 1034 2343 homines,
1050 2278 1128 2325 non
1139 2253 1294 2327 inanibus
1307 2253 1444 2344 verbis,

483 2366 542 2442 fed
555 2381 645 2437 certa
662 2363 818 2438 medendi
838 2381 907 2436 arte
925 2382 1095 2439 curentur.
1198 2386 1201 2392 ·

532 2476 639 2548 XLV.
657 2473 836 2547 Pulmones
855 2493 892 2545 ut
909 2472 1030 2571 integri
1051 2472 1207 2567 praestant
1227 2470 1444 2548 substantiam

484 2585 594 2674 vitae,
612 2584 657 2657 ita
681 2583 792 2657 vitiati
818 2583 1003 2679 periculum
1025 2581 1170 2656 afferunt
1195 2582 1337 2670 mortis,
1354 2606 1442 2679 quo·

485 2721 561 2772 rum
588 2695 690 2771 dolor
718 2692 899 2768 manifestis
923 2692 1111 2767 declaratur
1132 2690 1278 2767 indiciis.
1304 2690 1446 2780 stertet,

485 2805 599 2879 tuffiet
619 2804 786 2903 graviter,
798 2805 837 2880 δι
850 2802 1031 2877 exscreabit
1054 2802 1280 2901 purulentum.
1299 2802 1333 2873 Si
1349 2802 1445 2900 aegri·

371 2929 387 3000 ,“
486 2920 574 2990 tudo
596 2915 736 3018 longior
754 2912 881 3003 fuerit,
905 2916 946 2986 de
969 2913 1138 3011 prioribus
1161 2912 1327 2985 claudicat
1348 2911 1445 3006 pedi·

485 3025 569 3113 bus,
587 3047 721 3120 gravem
745 3022 906 3094 foetorem
926 3022 1063 3095 naribus
1083 3021 1240 3120 expellit,
1254 3021 1391 3096 difficile
1412 3023 1446 3096 se

485 3131 661 3217 collocat,
685 3131 739 3202 sed
767 3129 912 3201 febriens
935 3131 1097 3228 praesepio
1123 3133 1296 3206 incumbit.
1320 3157 1446 3205 corru-

485 3255 582 3337 ptum
605 3237 774 3310 affellabit.
791 3236 982 3332 Aliquando
997 3238 1033 3310 in
1052 3262 1198 3335 corpore
1214 3239 1307 3336 ipfius
1324 3240 1443 3315 fmilia

486 3346 675 3425 furunculis
697 3346 869 3420 tubercula
895 3346 1084 3430 nascuntur.
1103 3348 1260 3440 Quorum
1279 3346 1443 3446 aegritudo

488 3454 634 3531 difficilis
646 3455 711 3546 est,
723 3455 777 3530 sed
792 3457 856 3530 hac
869 3455 1011 3553 potione
1022 3458 1167 3531 curanda
1179 3486 1188 3534 ε
1202 3456 1300 3529 Turis
1312 3454 1443 3527 mascu-

488 3569 515 3641 li
541 3567 658 3641 uncias
680 3585 768 3657 tres,
790 3567 926 3668 hyssopi
951 3568 1069 3641 uncias
1093 3568 1192 3657 duas,
1213 3566 1290 3639 folii
1312 3566 1446 3640 unciam

489 3704 612 3766 unam,
626 3701 757 3751 mannae
769 3677 864 3751 croci
882 3677 1015 3751 unciam
1029 3702 1152 3764 unam,
1166 3677 1315 3776 myrrbae
1329 3677 1448 3750 uncias

489 3793 572 3863 duas
591 3788 766 3887 diligenter
782 3788 895 3862 tundis
913 3792 949 3863 u
970 3789 1117 3875 cribras,
1137 3813 1180 3858 ex
1206 3813 1277 3885 quo
1305 3788 1449 3884 pulvere

489 3922 595 3969 unum
618 3894 773 3970 cochlear
795 3920 873 3971 cum
890 3893 996 3968 tribus
1015 3894 1094 3967 ovis
1114 3896 1257 3992 &aqua
1277 3914 1446 3991 tempera·

490 4003 560 4094 bis,
578 4005 783 4078 &diffundis
798 4029 858 4101 per
878 4029 929 4077 os.
942 4005 977 4076 Si
997 4003 1110 4079 cibum
1127 4028 1198 4075 non
1220 4004 1364 4099 appetit,
1379 4026 1449 4098 pro

490 4139 576 4212 aqua
595 4113 647 4187 lac
661 4113 836 4210 caprinum
853 4113 1025 4202 miscebis,
1038 4114 1076 4185 δι
1089 4112 1204 4185 addito
1217 4111 1325 4185 tuellis
1339 4113 1447 4187 coch-

488 4223 594 4302 leario
627 4222 833 4319 propinabis.
865 4226 1009 4299 Succum
1041 4247 1179 4321 quoque
1204 4221 1340 4319 ptisana
1368 4246 1449 4296 cunt

491 4331 571 4406 oleo
584 4332 743 4427 rosaceo,
756 4334 795 4409 δι
809 4333 986 4435 pulverem
1002 4330 1150 4432 superius
1164 4328 1447 4429 comprehensum
