3875 5759
562 952 639 1026 ne
669 950 740 1023 nn
773 942 1040 1026 RUSTch
1073 949 1173 1025 uin
1209 953 1237 1024 r.
1332 971 1378 1049 ,ς

367 1160 369 1164 «
420 1114 460 1191 &
476 1135 597 1211 parere
616 1108 700 1205 saepe
719 1125 909 1207 coguntur,
931 1111 969 1183 δι
991 1107 1137 1196 reddunt
1147 1091 1228 1184 bva·
1244 1110 1384 1207 majora

420 1226 557 1298 duobus
571 1219 704 1328 cyathis
713 1218 811 1304 ¹ortlei
823 1219 909 1292 bene
925 1217 1069 1316 pascitur
1081 1244 1148 1291 una
1158 1221 1384 1321 gallina‚quae

420 1336 462 1411 bt
485 1357 585 1431 vaga.
601 1329 929 1434 Supponendatsssunt
947 1329 999 1404 his
1013 1329 1142 1426 semper
1155 1355 1225 1406 ova
1238 1359 1384 1411 nurnero

420 1446 561 1543 impari,
575 1443 657 1518 luna
668 1443 858 1532 crescente,
870 1468 889 1515 a
903 1441 1032 1515 decima
1045 1442 1149 1537 usque
1163 1442 1198 1514 in
1212 1446 1387 1540 quintam.

420 1554 595 1628 decimam.
617 1550 738 1624 Pituita
754 1549 807 1622 his
820 1549 914 1623 nasci
924 1548 1028 1634 solet,
1042 1573 1119 1643 quae
1140 1551 1214 1623 alba
1226 1553 1385 1649 pellicula

420 1668 571 1764 linguam
584 1660 890 1735 veslit'extremam.
907 1658 983 1731 haee
996 1658 1117 1731 leviter
1127 1665 1298 1761 unguibus
1310 1670 1385 1744 vel.

421 1773 518 1863 litur,
530 1774 568 1846 δι
590 1770 688 1843 locus
706 1753 820 1842 ciner'e
838 1766 1008 1864 tangitur,
1028 1767 1167 1841 &allio
1188 1772 1272 1844 trito
1286 1774 1386 1875 plaga

420 1882 581 1956 mundata
592 1878 837 1974 conspergitur.
848 1880 930 1947 ltern
944 1876 1015 1946 allii
1026 1877 1113 1948 mica
1127 1878 1201 1951 trita
1214 1907 1291 1956 cunr
1304 1889 1388 1966 oleo'

422 1990 576 2066 salicibus
603 1986 758 2062 inseritur
777 2014 786 2059 r
802 1983 924 2079 slaphis
947 1984 1038 2080 agria
1061 1987 1162 2059 etiarn
1183 1996 1390 2091 prodest,s2

423 2100 510 2175 cibis
522 2099 699 2178 misceatbr
713 2096 846 2171 affidue.
868 2094 903 2166 Si
924 2119 1073 2167 amarum
1095 2097 1249 2194 lupinum
1268 2131 1388 2184 come.

427 2213 529 2299 dant,
553 2210 611 2282 sub
634 2210 745 2284 oculis
769 2205 834 2279 illis
859 2230 961 2304 grana
987 2204 1056 2302 ipsa
1080 2212 1279 2301 procedunt.
1309 2245 1389 2317 que

398 2373 404 2392 .
426 2320 489 2393 nist
501 2343 564 2393 acu
577 2319 698 2394 leviter
709 2317 831 2413 apertis
844 2316 1013 2413 pelliculis
1029 2317 1244 2413 artferantur,
1263 2329 1390 2402 enslin-

425 2448 547 2529 guunt.
564 2429 697 2502 Oculos
710 2428 896 2526 porntlacae
915 2426 1019 2503 succo
1033 2427 1242 2526 lorinsecus,
1258 2441 1398 2516 &'mu.'

425 2541 517 2613 lieris
531 2542 615 2612 lasse
634 2563 806 2628 curemus,
825 2538 882 2613 vel
900 2535 1127 2642 Ammoniaco
1143 2542 1228 2631 sale,
1248 2550 1303 2619 cui
1321 2551 1391 2626 mel

427 2658 466 2730 δι
495 2652 672 2753 cyminum
699 2652 828 2748 aequale
854 2648 1047 2750 miscentur.
1074 2653 1251 2729 Pediculos
1274 2686 1390 2738 earum

428 2765 565 2865 perimit
581 2759 704 2856 staphis
717 2759 825 2857 agria,
837 2757 1104 2833 &torrefactum
1124 2762 1301 2859 cyminum
1316 2771 1390 2865 pari

428 2867 585 2973 pondere
594 2922 606 2953 ‚
615 2872 654 2941 δι
666 2868 789 2961 pariter
800 2867 893 2938 tunsa
906 2893 983 2941 curn
998 2867 1103 2958 vino,
1114 2873 1152 2947 bt
1163 2874 1266 2947 amari
1279 2876 1390 2978 lupini

432 3006 538 3081 aqua,
551 2977 577 3049 fi
590 2993 742 3072 penetret
755 2975 877 3048 secreta
893 3003 1089 3074 pennarum.

493 3087 654 3164 XXVlll.
679 3083 834 3160 Pavones
858 3090 986 3163 nutrire
1012 3090 1209 3167 facillimum
1235 3097 1303 3190 est,
1329 3101 1392 3177 nisr
1546 3093 1550 3100 ¹

431 3202 521 3277 fures
534 3218 592 3273 aut
605 3193 760 3274 animalia
772 3196 909 3269 inimica
925 3196 1104 3288 formides3
1119 3203 1177 3300 qui
1193 3203 1391 3309 plerumque
1501 3248 1505 3256 ·

431 3337 491 3411 per
516 3332 616 3408 agros
647 3323 806 3404 vagantes
829 3305 949 3401 sponte
976 3306 1006 3378 se
1031 3308 1190 3403 pascunt,
1212 3315 1393 3414 pullosque

431 3420 595 3503 educant,
616 3417 653 3489 δι
673 3412 841 3485 altiffimas
859 3411 997 3509 vespere
1013 3416 1149 3489 arbores
1163 3437 1291 3513 petunt.
1315 3427 1392 3501 Una

432 3526 546 3625 [vero]
569 3521 622 3595 his
640 3547 722 3595 cura
737 3523 897 3614 debetur,
916 3540 952 3592 ut
973 3522 1171 3599 incubantes
1193 3552 1252 3623 per
1274 3558 1392 3630 agrurn

431 3638 592 3716 feminas,
604 3659 679 3731 quae
695 3634 762 3705 hoc
777 3628 890 3726 paffir'n
908 3630 1058 3724 faciunt,
1070 3660 1088 3706 a
1101 3638 1203 3733 vulpe
1217 3641 1397 3721 custodias:
1415 3677 1419 3688 ·

431 3751 512 3822 ideo
531 3748 567 3819 in
589 3743 706 3817 insulis
729 3743 891 3815 brevibus
917 3743 1050 3816 meliori
1076 3744 1165 3818 sorte
1187 3752 1395 3831 nutriuntur.

431 3856 504 3936 Uni
535 3852 841 3930 masculofeminas
865 3851 1017 3949 quinque
1043 3854 1224 3931 sufficiunt.
1253 3862 1394 3939 Masculi

433 3994 504 4043 ova
519 3963 686 4062 &pullos
704 3962 782 4035 suos
802 3961 1047 4058 persequuntur
1060 3964 1157 4037 velut
1171 3966 1396 4064 alienigenas,
1505 4027 1508 4031 .

435 4076 626 4175 priusquam
648 4074 714 4145 illis
727 4072 896 4145 cristarum
918 4069 1069 4144 nascatur
1082 4074 1218 4172 insigne.
1237 4079 1291 4146 Ab
1309 4080 1402 4160 ldib..

436 4185 621 4270 Februariis
641 4183 750 4255 calere
768 4181 944 4277 incipiunt.
967 4180 1054 4252 saba
1071 4181 1193 4255 leviter
1213 4187 1393 4268 torresasla

435 4298 477 4371 in·
488 4295 662 4368 libidinem
679 4309 936 4389 prouocantur,
951 4291 974 4362 sr
989 4290 1036 4361 eis
1052 4290 1175 4387 quinto
1184 4315 1328 4391 ‘quoque
1340 4302 1395 4388 die
1484 4375 1485 4380 ,

437 4390 549 4507 tepida
562 4400 761 4501 prebeatur.
781 4398 836 4472 sex
848 4399 963 4498 cyathi
977 4396 1037 4473 nni
1054 4395 1233 4471 sufficiunt.
1253 4404 1397 4505 cupidi.

1127 4506 1206 4587 Cz
