3875 5759
565 875 637 946 „4
732 810 1360 926 vecettrtsntu

543 975 683 1087 ⁸herbae
704 1007 852 1083 salutaris
878 999 1036 1095 exhalet}
1062 1031 1122 1103 per
1138 1033 1178 1080 os
1202 1008 1341 1097 triduo,
1364 1005 1425 1083 vel
1449 1026 1538 1106 quot

567 1122 720 1196 volueris
735 1123 870 1210 diebus,
886 1120 1032 1220 degeres.
1052 1124 1135 1192 ltem
1152 1121 1223 1193 alia.
1248 1119 1361 1191 Lentis
1382 1120 1536 1191 Alexan·

567 1230 699 1318 drinae,
723 1226 810 1302 soeni
831 1232 971 1318 Graeci,
994 1228 1055 1301 lini
1079 1227 1230 1317 seminis,
1250 1227 1402 1300 heminas
1420 1228 1538 1325 singu·

567 1344 619 1416 las
638 1320 824 1438 dedoquis,
850 1340 1010 1440 addisque
1035 1340 1068 1414 ei
1087 1339 1229 1439 traganti
1252 1340 1387 1414 unciam
1414 1342 1539 1424 semis,
1605 1353 1607 1358 ’

569 1450 680 1549 pridie
700 1448 736 1519 in
755 1449 867 1545 tepida
886 1447 1059 1538 infundis,
1083 1450 1120 1521 δι
1141 1447 1316 1546 anagallici
1335 1449 1452 1522 uncias
1471 1469 1538 1522 tres

570 1557 820 1655 diligentissime
839 1558 1022 1645 resolutas,
1044 1583 1122 1656 quae
1141 1582 1219 1630 cum
1246 1562 1361 1630 omnia
1381 1558 1418 1630 in
1443 1571 1540 1629 ntor·
1596 1571 1607 1632 's

572 1668 662 1743 tatio
688 1668 847 1757 triveris,
867 1668 903 1740 in
927 1668 1055 1742 cacabo
1083 1689 1182 1741 novo
1206 1694 1282 1741 cum
1307 1668 1415 1741 tribus
1441 1691 1538 1766 aque

572 1777 725 1853 sextariis
740 1779 926 1875 decoquis,
938 1778 1060 1851 exinde
1080 1780 1211 1851 tertiam
1225 1798 1353 1875 partem
1373 1805 1452 1851 cum
1467 1779 1539 1851 sex·

574 1886 663 1961 tatio
685 1887 764 1983 paffi
780 1888 930 1982 tepidum
955 1912 1015 1983 per
1034 1912 1075 1961 os
1097 1888 1329 1975 dabisttiduo
1356 1888 1538 1981 continuo.

575 1997 691 2068 sanare
710 1995 857 2070 creditur
882 1995 1009 2069 vulsos.
1023 1996 1057 2067 Si
1071 1994 1256 2089 jumentum
1281 2022 1324 2069 ex
1341 1997 1539 2071 vulneribus

576 2105 728 2178 saucium
752 2105 843 2175 tussis
863 2104 1017 2202 urgebit,
1038 2104 1240 2203 iristllyricae
1260 2106 1395 2179 unciam
1414 2132 1541 2194 unam,

575 2214 700 2311 piperis
730 2213 817 2309 nigri
851 2212 1093 2302 semiunciam,
1119 2215 1244 2289 succati
1277 2215 1386 2312 scrup.
1415 2240 1540 2303 unam,

576 2322 727 2418 myrrhae
740 2319 888 2416 troglitis
906 2319 1140 2411 semiunciam,
1154 2326 1235 2395 turis
1248 2325 1387 2421 pollinis
1399 2325 1553 2406 semiun·¹
1566 2340 1568 2345 '

579 2427 695 2516 ciam,
711 2429 853 2525 traganti
877 2428 971 2524 prius
991 2429 1089 2500 infufi
1111 2432 1148 2503 δι
1171 2432 1241 2504 triti
1258 2432 1392 2505 unciam
1415 2458 1541 2519 unam,

516 2634 533 2641 -
579 2566 651 2614 ova
666 2538 816 2637 quinque
832 2565 910 2611 cum
932 2540 1011 2637 paffi
1035 2539 1180 2614 sextario
1198 2544 1420 2632 commisces,
1432 2545 1469 2617 &
1483 2542 1541 2614 tti-

581 2654 652 2725 duo
672 2675 732 2747 per
751 2649 864 2724 fauces
883 2652 1019 2749 degeres
1037 2653 1079 2725 ad
1101 2678 1220 2726 cornu.
1243 2651 1321 2725 Post
1337 2652 1422 2741 mel,
1436 2653 1541 2749 buty-

580 2788 677 2848 rum,
693 2760 900 2860 axungiam,
913 2762 1012 2836 salem
1035 2764 1073 2837 δι
1093 2762 1236 2858 piculam
1260 2762 1476 2848 commisces,
1490 2756 1543 2832 of·

583 2873 633 2945 fas
658 2871 783 2959 facies,
802 2873 840 2945 &
861 2872 898 2943 in
922 2871 1014 2969 passo
1034 2872 1189 2944 intinstas
1214 2871 1359 2969 degeres.
1381 2871 1413 2943 Si
1434 2871 1475 2941 ab
1493 2870 1542 2939 in·

583 2979 687 3051 ternis
708 2978 909 3068 intuffietit,
932 2979 1023 3053 succi
1044 2981 1181 3075 ptisanae
1207 2978 1400 3065 heminam,
1423 2973 1543 3049 defruti

583 3090 746 3187 cyathum
768 3089 908 3175 misces,
929 3094 965 3162 δι
988 3115 1047 3184 per
1073 3090 1220 3161 triduum
1243 3088 1346 3161 dabis.
1363 3088 1395 3182 Si
1409 3086 1545 3183 gravius

584 3196 722 3269 tuffierit
742 3197 882 3286 animal,
905 3195 995 3269 fabae
1026 3197 1123 3268 frixae
1147 3202 1183 3271 δι
1211 3200 1316 3271 cocta
1343 3196 1547 3283 sextarium,

562 3389 568 3402 ,
584 3306 656 3379 sevi
678 3306 798 3380 hircini
812 3306 928 3380 uncias
943 3326 1031 3395 tres,
1046 3307 1114 3379 allii
1140 3308 1248 3404 capita
1271 3308 1333 3382 tria
1352 3304 1473 3399 pariter
1487 3305 1547 3375 de·

586 3418 725 3516 coquis,
741 3421 779 3493 &
800 3418 835 3491 in
849 3415 1015 3492 mortario
1030 3420 1170 3509 deteris,
1185 3424 1222 3494 δι
1239 3446 1312 3496 cum
1332 3415 1423 3515 passo
1438 3415 1547 3488 dabis.

588 3528 697 3599 Curat
716 3546 828 3599 autem
842 3527 956 3600 vulsos
971 3530 1017 3602 &1
1032 3553 1170 3625 ruptos:
1186 3530 1283 3602 Foeni
1303 3524 1414 3610 Greci
1436 3524 1547 3597 sexta·

589 3639 678 3722 riurn
706 3662 834 3727 unum,
856 3663 931 3711 cum
956 3639 1078 3737 viginti
1107 3640 1250 3727 caricis,
1273 3638 1433 3713 fasciculo
1458 3636 1548 3732 apii,

588 3752 628 3823 δι
656 3747 816 3822 fasciculo
843 3769 927 3822 rutae
952 3749 987 3820 in
1014 3775 1099 3847 aqua
1122 3750 1162 3821 ad
1189 3751 1335 3822 medium
1362 3746 1548 3844 decoquis,

412 3938 416 3943 ,
497 3957 499 3960 .
590 3849 639 3931 ita'
659 3854 696 3930 ut
720 3857 796 3952 post
818 3860 956 3956 modum
985 3857 1126 3957 traganti
1147 3858 1284 3930 resoluti
1315 3857 1428 3930 uncias
1455 3875 1549 3942 treS,

591 3972 629 4041 δι
655 3966 827 4063 anagallici
851 3966 983 4040 contusi
1006 3966 1122 4039 uncias
1144 3985 1234 4054 tres,
1254 3969 1292 4040 dc
1313 3966 1382 4036 allii
1405 3984 1471 4037 tres
1493 3964 1552 4036 ad·

591 4078 732 4166 dantur,
754 4079 792 4148 &
816 4075 931 4148 omnia
945 4094 1184 4166 conterantur,
1198 4073 1375 4171 offulisque
1393 4075 1435 4146 ad
1456 4072 1554 4146 nucis

592 4185 856 4283 magnitudinem
876 4186 994 4277 fadis,
1016 4205 1140 4288 tetnae,
1161 4187 1296 4285 quinae,
1318 4185 1464 4285 septenae
1491 4208 1553 4286 per

593 4296 742 4370 triduum
758 4297 966 4395 degerantur.
