3875 5759
546 901 616 1004 386
713 897 1341 1018 vncmmmnut.
1437 990 1441 997 ,
1578 869 1615 878 ’Ν

508 1107 511 1113 -
590 1058 757 1146 XXXlV.
771 1056 937 1131 Animalia
950 1057 1036 1153 saepe
1049 1082 1166 1156 aquam
1181 1076 1381 1145 revoment,
1396 1078 1501 1154 quant

542 1169 706 1244 biberant.
718 1190 794 1261 quae
808 1165 910 1259 pallio
928 1190 947 1239 e
962 1167 1065 1239 nimia
1080 1166 1296 1263 perfridlione
1310 1166 1502 1256 descendit,

542 1304 621 1352 cum
642 1272 830 1348 stomachus
858 1273 1026 1372 paralysrn
1048 1300 1091 1347 ex
1117 1274 1246 1374 frigore
1265 1276 1410 1349 sustinet.
1435 1277 1502 1347 Sed

540 1385 604 1460 hac
624 1380 755 1455 ratione
773 1400 952 1453 curantur:
978 1384 1117 1480 Sanguis
1138 1385 1179 1458 de
1197 1387 1332 1461 cervice
1349 1386 1502 1459 detrahi·
1594 1417 1600 1430 ·

539 1513 621 1578 tur,
639 1488 799 1585 potiones
816 1489 1047 1563 thermanticae
1070 1492 1317 1589 propinantur,
1332 1494 1503 1568 unclioni·

538 1602 602 1675 bus
621 1598 822 1673 calidilltmis
846 1599 928 1672 armi
952 1600 1128 1697 padusque
1149 1601 1402 1693 confricantur,
1418 1629 1501 1700 pur·

536 1730 634 1812 gatur
652 1736 713 1808 per
727 1733 821 1781 nares
839 1728 958 1804 caput,
972 1711 1011 1785 δι
1024 1709 1049 1783 fi
1062 1711 1231 1786 neceffitas
1251 1715 1501 1810 postulaverit,
1599 1801 1602 1808 Ι

537 1822 640 1896 etiarn
666 1819 899 1916 finapizantur.
1093 1815 1096 1822 ’
1184 1835 1187 1840 ’
1306 1913 1309 1922 Ι

585 1932 737 2006 XXXV.
761 1926 947 1999 Sideratitia
970 1926 1119 2022 iumenta
1138 1930 1316 2021 dicuntur,
1331 1955 1408 2005 cum
1439 1959 1504 2005 ve·
1560 2020 1566 2039 ι

538 2066 599 2116 nas
620 2060 741 2113 vacuas
761 2036 954 2136 percufferit
982 2036 1110 2136 frigus,
1125 2060 1181 2112 aut
1208 2041 1325 2127 astus,
1348 2059 1405 2112 aut
1434 2041 1504 2113 im·
1595 2027 1598 2034 ¹

538 2151 685 2248 pleverit
712 2146 883 2232 cruditas,
909 2167 967 2221 aut
996 2147 1121 2243 jejunia
1151 2143 1312 2223 bulimum
1343 2149 1502 2226 fecerint.

538 2262 701 2358 Redditur
721 2258 811 2331 enim
834 2256 1001 2352 stupidum
1024 2261 1171 2349 animal,
1194 2265 1233 2337 δι
1257 2260 1403 2335 titubans
1428 2288 1501 2335 am·
1592 2259 1597 2266 ’

537 2369 643 2442 bulat.
661 2365 767 2460 Quod
783 2363 942 2437 mollibus
963 2363 1119 2453 cibariis,
1132 2367 1328 2465 lenibusque
1343 2370 1499 2466 potioni·

538 2474 603 2551 bus
619 2472 729 2548 curari
747 2469 921 2570 oportebit
941 2472 988 2545 ita
1004 2501 1013 2546 ε
1028 2473 1154 2547 Laseris
1174 2477 1307 2550 unciam
1320 2504 1440 2566 unam,
1458 2482 1498 2554 δι

537 2583 707 2659 heminam
724 2579 840 2655 mulsae
862 2578 1069 2681 succumque
1082 2582 1219 2678 ptisana
1234 2579 1396 2660 miscebis.
1410 2590 1451 2659 Et
1469 2588 1495 2660 li

538 2723 582 2773 ex
601 2697 728 2798 frigore
748 2693 842 2772 caula
862 2693 929 2785 est,
943 2721 1021 2769 curn
1037 2696 1124 2769 vin'o
1140 2699 1177 2776 δι
1196 2697 1277 2771 oleo
1296 2699 1414 2797 tepido
1435 2700 1499 2772 da·

538 2808 600 2883 bis.
621 2811 656 2880 Si
677 2832 720 2880 ex
734 2803 921 2896 aestu,cum
945 2804 1059 2877 rosato
1073 2805 1245 2899 praebebis.
1266 2806 1301 2880 Si
1326 2806 1498 2880 encrudi·

435 2993 438 3000 .
537 2935 625 3005 tate,
639 2915 816 3012 abstinebis
832 2938 857 2988 a·
872 2914 963 2989 cibo.
980 2909 1016 2986 si
1038 2913 1079 2986 de
1095 2914 1246 3004 bulimo,
1263 2914 1389 2991 ciceres
1412 2915 1496 2989 offe·

537 3049 591 3099 tes
610 3026 783 3119 largiores.
1195 3035 1199 3040 ’
1402 3022 1406 3029 ’

526 3172 532 3202 2
583 3133 748 3205 XXXVI.
765 3131 824 3203 Sol
839 3156 978 3228 quoque
990 3132 1190 3208 canicularis
1211 3135 1401 3227 ardentior,
1420 3137 1498 3209 ani·

535 3242 633 3316 malia
662 3241 809 3340 percutit
829 3241 865 3314 in
889 3244 1053 3317 cerebro:
1079 3246 1200 3342 quibus
1222 3248 1264 3319 de
1283 3247 1497 3340 temporibus

536 3350 666 3451 languis
679 3348 860 3440 emittitur,
874 3355 911 3426 &
925 3353 1022 3425 fimili
1035 3355 1163 3427 ratione
1178 3373 1343 3429 curantur.
1355 3354 1415 3425 His
1428 3380 1495 3427 au·

535 3481 604 3536 tem
626 3458 812 3533 ostenditur
830 3461 927 3561 siguis
939 3515 950 3553 ,
964 3463 1044 3562 quia
1058 3460 1220 3560 dejellum
1240 3482 1337 3563 caput
1354 3480 1497 3560 portare

534 3590 717 3671 coguntur.

595 3681 776 3757 XXXVII.
799 3681 955 3758 Cruditas
972 3681 1130 3779 jumentis
1159 3700 1298 3786 generat
1320 3682 1494 3781 aegritudi-

531 3816 610 3864 nem
624 3844 636 3880 ,
649 3817 725 3889 quae
741 3793 801 3865 hac
816 3794 948 3866 ratione
966 3792 1193 3891 dignoscitur:
1212 3794 1322 3865 Modo
1337 3792 1372 3863 in
1390 3817 1494 3865 unam

533 3904 684 3999 partem,
699 3904 806 3974 modo
820 3903 855 3974 in
866 3904 964 3976 aliam
981 3904 1187 3976 ambulantes
1203 3903 1377 3976 inclinant.
1392 3905 1496 3996 Quo·

533 4037 609 4085 rum
623 4011 682 4085 illa
702 4011 748 4083 est
770 4004 960 4087 medicina:
981 4011 1119 4111 Sanguis
1140 4013 1188 4085 eis
1212 4015 1253 4086 de
1278 4012 1416 4087 cervice
1435 4014 1496 4085 de·

532 4122 699 4209 trahitur,
718 4147 737 4194 a
751 4141 833 4212 potu
849 4125 886 4196 δι
901 4120 1030 4197 cibariis
1044 4122 1258 4198 abstinentur.
1272 4124 1307 4193 Si
1322 4122 1414 4195 aestas
1426 4122 1497 4212 est,

532 4230 797 4328 refrigeratorias
821 4231 965 4331 accipiat
986 4233 1173 4331 potiones,
1197 4256 1269 4307 non
1291 4257 1410 4330 patum
1430 4258 1497 4320 na-¹

513 4353 610 4416 'tura
633 4342 856 4442 compellitur.
