3875 5759
559 896 689 969 runs
714 892 1055 970 veremudus
1083 864 1287 973 uniom
1331 920 1398 998 ³51
1434 843 1441 858 Χ
1482 835 1485 840 ’

446 1057 674 1135 confricandae
694 1057 778 1151 sunt.
795 1082 891 1131 aures
907 1058 1117 1154 veroffisciffae
1131 1058 1241 1156 pieula
1255 1060 1405 1161 oleoque
1458 1101 1467 1112 ·

401 1245 403 1250 .
444 1188 617 1245 curantur.
636 1168 867 1243 Periculosum
889 1167 1054 1242 fastidium
1075 1171 1186 1243 bobus
1207 1173 1333 1246 ranulae
1353 1172 1405 1247 fa-

445 1280 568 1367 ciunt,
591 1304 669 1378 quae
683 1277 871 1375 aperienda
887 1277 985 1367 sunt,
1007 1280 1045 1352 δι
1064 1278 1146 1353 allio
1167 1291 1245 1354 cum
1259 1281 1322 1355 sale
1342 1308 1405 1380 pa·

442 1388 523 1463 riter
539 1389 620 1462 trito
638 1388 706 1487 ipsa
729 1388 869 1466 vulnera
893 1383 1136 1476 confricanda,
1153 1408 1190 1462 ut
1209 1396 1322 1465 omnis
1340 1391 1405 1467 ltu·

442 1525 522 1572 mor
535 1517 630 1573 exeat
650 1503 872 1596 provocatus.
885 1498 1010 1572 Melius
1029 1498 1199 1590 creditur,
1221 1500 1245 1573 sr
1263 1502 1305 1574 ad
1325 1526 1406 1578 acu·

441 1626 511 1681 tam
530 1632 671 1682 cannam
688 1606 821 1680 exseces
843 1606 1008 1682 ranulam.
1026 1604 1102 1703 post
1125 1605 1211 1680 vino
1236 1634 1276 1682 os
1302 1610 1402 1686 lavae

442 1736 507 1792 tur.
522 1719 831 1815 Interpolitounius
844 1720 940 1791 horae
954 1718 1062 1815 spatio
1075 1716 1203 1791 virides
1218 1720 1330 1795 herba:
1343 1718 1402 1795 vel
1503 1716 1506 1720 ’

371 1820 375 1828 ’
442 1827 580 1926 frondes
597 1828 731 1902 dantum
743 1831 829 1903 Tam
844 1828 902 1899 diu
921 1844 1031 1898 autem
1047 1823 1272 1901 sustentantu'r
1286 1829 1406 1902 molli-

442 1938 505 2011 bus
521 1938 624 2030 cibis,
639 1941 751 2036 donec
768 1937 851 2009 sada
871 1933 1014 2007 vulnera
1033 1932 1207 2008 citatrices
1223 1936 1359 2011 ducant.
1371 1937 1407 2034 Si

442 2070 553 2141 neque
566 2046 682 2117 ranula
699 2042 818 2131 fuerit,
831 2044 869 2116 dt
882 2065 955 2116 non
968 2060 1128 2138 appetent
1142 2042 1255 2123 cibum
1266 2096 1278 2137 ,
1291 2044 1414 2120 ullium

443 2153 560 2225 tritum
583 2178 661 2225 cum
676 2153 756 2224 oleo
774 2149 911 2226 naribus
923 2139 1124 2226 'infundes’

499 2262 558 2332 IV.
577 2261 645 2332 Bos
669 2258 694 2331 fi
717 2259 843 2332 febrire
864 2258 1007 2358 coeperit
1035 2258 1153 2359 (quod
1174 2284 1217 2334 ex
1242 2286 1407 2340 venarum
1449 2289 1451 2295 ·

444 2368 747 2465 inquietudine,'&
763 2370 878 2444 calore
891 2370 998 2444 totius
1013 2371 1171 2468 corporis
1186 2373 1241 2452 vel
1266 2375 1336 2449 oris
1350 2376 1406 2450 in·

442 2475 596 2575 telliges)
621 2502 687 2550 una
713 2476 769 2551 die
791 2502 810 2551 a
836 2477 917 2552 cibo
940 2477 988 2553 est
1006 2479 1140 2576 penit-us
1167 2482 1407 2577 abstinendus,
1434 2554 1436 2557 Α
1551 2541 1556 2552 .

443 2588 491 2662 ita
517 2606 555 2661 ut
579 2588 716 2687 postero
739 2586 858 2685 jejuno
884 2590 996 2661 eidem
1029 2587 1089 2660 sub
1112 2591 1217 2662 cauda
1248 2591 1408 2689 exiguum
1446 2612 1449 2616 ’

385 2692 389 2699 ’
442 2698 634 2799 sanguinem
655 2698 829 2783 detrahas,
851 2713 953 2795 atque
974 2695 1170 2793 interposita
1188 2701 1274 2772 hora
1289 2703 1410 2799 trigin-

441 2826 477 2882 ta
496 2833 620 2905 parvos
639 2808 777 2881 aculeos
799 2807 992 2903 decoques,
1014 2808 1053 2879 &
1071 2830 1115 2879 ex
1138 2806 1220 2880 oleo
1239 2834 1279 2883 ac
1299 2810 1407 2907 liqua-
1481 2874 1484 2881 .

440 2919 534 2992 mine
554 2942 614 3013 per
632 2918 833 3014 osdigeres,
846 2940 988 3015 eamque
1012 2914 1116 2989 eseam
1139 2941 1198 3012 pet
1220 2918 1291 2991 dies
1308 2920 1407 3017 quin·

357 3058 360 3064 ·
442 3054 512 3128 que
529 3027 647 3123 jejuno
662 3028 767 3103 dabis.
786 3030 948 3100 Praeterea
969 3027 1146 3101 cacumina
1161 3029 1322 3121 lentisci,
1346 3030 1406 3107 vel
1520 3023 1525 3043 ¹
1592 3053 1595 3060 ’

442 3136 633 3228 olivarum,
648 3135 705 3209 v'el
727 3135 946 3209 tenerrimum
971 3160 1141 3233 quemque
1164 3136 1347 3227 frondem,
1365 3163 1407 3215 ac

415 3242 419 3252 ’
441 3245 643 3342 pampinos,
663 3245 687 3318 sr
705 3246 825 3318 eodem
844 3261 998 3339 tempore
1014 3243 1112 3334 sunt,
1127 3245 1291 3341 praebebis
1305 3246 1341 3318 in
1354 3248 1407 3323 ci·
1518 3308 1522 3317 .
1595 3285 1602 3318 ,-

443 3357 506 3433 bo.
527 3359 635 3443 labra
654 3375 792 3462 quoqne
815 3354 887 3447 ejus
907 3356 1058 3451 deterges
1077 3354 1119 3425 ad
1143 3352 1344 3451 spongiam,
1367 3358 1407 3431 δι
1473 3364 1477 3380 ’
1538 3428 1540 3434 ,

443 3493 569 3565 aquam
588 3457 807 3565 frigidam'ter
818 3464 855 3535 in
868 3463 923 3535 die
947 3462 1071 3537 offeres
1089 3463 1346 3555 adhibendum,
1361 3464 1408 3539 ita

445 3594 486 3646 ut
508 3574 595 3647 infra
620 3574 742 3645 redum
763 3573 829 3645 bos
848 3570 1000 3645 ‚febriens
1021 3590 1193 3663 teneatur,
1208 3592 1410 3665 nec,rante·
1479 3598 1482 3603 ·

447 3709 550 3783 quam
570 3684 702 3758 sanatus
720 3684 788 3774 en,
805 3682 991 3756 dimittatur
1010 3682 1046 3755 in
1068 3684 1207 3781 pallum.
1225 3684 1409 3759 Febrientis
1575 3671 1579 3680 ¹

442 3815 556 3870 autem
574 3795 634 3868 ista
659 3794 736 3867 sunt
756 3794 870 3893 figna:
892 3793 1039 3867 lacrimae
1065 3794 1268 3890 profluunt,
1285 3819 1405 3892 grava·

441 3922 501 3978 tur
520 3921 641 4001 caput,
662 3901 755 3976 oculi
776 3901 956 3977 semiclausr
972 3900 1068 3993 sunt,
1083 3902 1173 3974 labra
1195 3902 1310 3975 salivis
1332 3925 1406 3974 ma·

442 4012 540 4102 dida,
555 4011 695 4110 longior
714 4012 841 4084 &cum
860 4009 1009 4110 quodam
1024 4010 1267 4105 impedimento
1281 4013 1403 4084 tradita
1462 4057 1479 4128 g
1582 4005 1585 4010 ’

334 4140 337 4148 ·
443 4118 595 4215 spiritus,
616 4119 810 4217 frequenter
827 4123 866 4194 δι
886 4118 1181 4217 gemitus.·Tuffis
1203 4119 1306 4191 boum
1333 4144 1405 4193 non

445 4228 557 4303 minus
583 4228 761 4328 diligenter
784 4229 927 4302 sananda
951 4228 1024 4320 est,
1046 4254 1147 4327 quarn
1175 4252 1339 4324 equorum
1354 4228 1405 4302 :fi

446 4365 563 4427 recens
583 4339 707 4437 merit,
721 4340 877 4419 sextarius
899 4340 1017 4417 farina
1027 4342 1224 4417 hordeaceae
1246 4363 1322 4416 cum
1335 4363 1406 4415 uno
