3875 5759
613 935 747 1009 ARTIS
771 933 984 1010 VETERth
1008 934 1107 1007 SIVE
1132 926 1315 1008 MULOM.
1373 935 1440 1034 285
1541 969 1545 977 ·

452 1191 454 1194 y
481 1095 524 1167 de
540 1093 686 1169 articulis
705 1094 874 1169 resecandi
891 1093 967 1166 sunt
986 1093 1076 1168 cirri.
1093 1095 1253 1168 Naturale
1271 1095 1361 1170 eninr
1386 1119 1443 1171 οτι·

481 1223 676 1296 namenturn
700 1205 821 1302 pedum
837 1221 955 1275 natura
979 1201 1015 1274 in
1038 1202 1105 1276 illis
1125 1203 1309 1279 constituit.
1324 1205 1445 1280 Cervi·

483 1335 557 1383 cem
584 1313 684 1386 etiam
709 1312 811 1411 ipsam
841 1312 984 1409 diligens
1011 1312 1110 1387 debet
1143 1337 1267 1386 ornare
1298 1313 1446 1391 tonsura·

482 1420 584 1493 Multi
605 1423 693 1497 enirn
712 1425 797 1499 ficut
815 1423 1008 1512 curulibus,
1022 1424 1120 1498 ita&
1134 1423 1445 1525 sellaribusjumen·

481 1528 526 1605 tis
539 1533 678 1624 pteffius
690 1533 778 1607 colla
795 1534 927 1606 radunt.
942 1534 1032 1625 Quae
1044 1556 1098 1605 res
1111 1531 1191 1604 licet
1204 1533 1356 1627 praestare
1369 1557 1445 1604 cre·

481 1639 573 1711 ditur
584 1634 820 1741 augmentum,
834 1662 947 1714 tarnen
962 1641 1022 1712 sub
1036 1640 1180 1712 honesto
1196 1641 1317 1713 seffore
1334 1638 1446 1714 defor·
1511 1678 1514 1685 ’

481 1746 545 1819 mis
564 1746 621 1820 est.
640 1749 708 1822 Alii
720 1751 767 1836 ita
785 1752 956 1872 tondegt,
973 1767 1013 1820 ut
1032 1772 1147 1821 arcum
1168 1746 1349 1820 videantur
1365 1746 1446 1820 irni-
1493 1790 1495 1795 ·

481 1855 555 1928 tari.
575 1858 743 1930 Nonnulli
761 1862 1005 1930 Armeniorum
1024 1879 1122 1926 more
1136 1852 1247 1930 criues
1262 1853 1394 1951 aliquos
1407 1856 1446 1926 in

480 1964 617 2039 tonsura
630 1966 699 2063 ipsa
711 1963 771 2063 per
784 1967 941 2039 ordinem
960 1963 1217 2060 derelinquuntz
1234 1960 1288 2034 sed
1298 1963 1448 2060 gratiora

480 2073 576 2161 sunt,
588 2098 665 2168 quae
676 2073 835 2147 translata
850 2073 891 2143 de
908 2071 1013 2143 Perfis
1029 2071 1197 2166 posterior
1209 2070 1288 2144 usus
1302 2069 1446 2153 invenit.

480 2185 570 2255 Nam
588 2181 698 2252 media
715 2180 796 2276 juba
816 2185 858 2255 ad
878 2206 1015 2253 ornnem
1034 2180 1288 2254 accurationem
1308 2204 1350 2252 ex
1370 2179 1447 2252 sini·

480 2290 545 2364 llra
568 2310 663 2387 parte
678 2279 892 2385 to'ndetur',a
911 2293 1030 2367 dextra
1048 2316 1134 2365 vero
1154 2293 1300 2365 omnino
1322 2290 1446 2364 inserta

482 2398 643 2474 servatur.
665 2400 708 2473 Et
732 2401 942 2498 nescioquo
967 2401 1068 2498 pado
1092 2399 1274 2495 plurimum
1306 2397 1447 2486 deceat,

482 2509 562 2607 quia
578 2508 684 2601 illud,
702 2514 796 2609 quod
815 2511 1012 2586 naturaliter
1030 2511 1144 2581 laudat
1164 2508 1347 2605 Virgilius,
1368 2507 1448 2584 imis
1520 2600 1530 2617 Ι

482 2632 622 2689 tantur:
1169 2653 1173 2660 ·

531 2727 648 2818 Densa
659 2722 759 2815 juba,
774 2723 807 2797 δ’
824 2729 935 2795 dextro
941 2723 1068 2811 jac‘lata
1086 2725 1233 2792 recumbit
1251 2726 1285 2791 iu
1299 2749 1400 2792 armo.
1525 2810 1527 2813 ι

470 2824 639 2920 'Quodsi
656 2830 801 2904 biconris
821 2829 941 2920 fuerit,
954 2848 992 2901 ut
1005 2829 1128 2925 vulgus
1148 2829 1315 2924 appellat,
1329 2825 1449 2900 rnediae

485 2935 632 3009 cervicis
650 2936 732 3010 setas
745 2937 926 3036 tequaliter
942 2957 1082 3034 oportet
1095 2930 1248 3023 attondi,
1262 2937 1366 3009 itaut
1381 2952 1451 3011 tarn

484 3044 621 3137 dextri,
635 3071 737 3142 quarn
759 3045 880 3118 sinistri
898 3044 1015 3118 limitis
1041 3038 1237 3125 continuata
1260 3044 1341 3118 serie
1360 3045 1450 3142 jubas

483 3154 718 3252 relinquantur
739 3155 881 3229 intadae.
901 3155 1008 3249 Quod
1029 3155 1250 3230 nihilominus
1267 3155 1449 3230 inventurn

484 3264 615 3339 constat
633 3291 653 3338 a
669 3266 823 3355 Parthis,
837 3260 1184 3365 quibus‘consuetudo
1199 3267 1264 3353 est,
1281 3294 1449 3364 equorum

451 3405 454 3411 ·
485 3376 607 3472 gressus
630 3377 672 3447 ad
702 3374 838 3449 delicias
865 3375 1088 3447 dominorum
1114 3375 1179 3447 hac
1204 3394 1275 3447 arte
1304 3376 1452 3452 mollires

486 3509 560 3555 non
582 3483 673 3553 enim
694 3482 830 3556 circulis
856 3501 956 3577 atque
979 3482 1188 3578 ponderibus
1209 3503 1451 3581 praegravant,

486 3608 525 3662 ut
548 3588 652 3662 soluti
679 3591 850 3662 ambulare
877 3590 1099 3681 condiscant,
1119 3591 1174 3664 sed
1198 3592 1289 3689 ipsos
1313 3618 1453 3691 equos,

486 3722 576 3794 quos
598 3697 703 3793 vulgo
724 3696 1128 3793 Trepidiarios‚rnilitari
1142 3702 1251 3773 verbo
1277 3705 1454 3774 Tottona-
1546 3776 1548 3781 ,
1592 3702 1594 3707 ’

484 3806 558 3880 rios
580 3826 729 3896 vocant,
746 3807 792 3880 ita
804 3808 965 3881 edomant
980 3809 1022 3884 ad
1034 3808 1231 3900 levitatem,
1246 3813 1283 3883 &
1296 3811 1452 3906 quaedam
1537 3876 1539 3892 ,

486 3915 716 3988 blandimenta
740 3919 908 4009 vedurae,
922 3935 960 3988 ut
981 3916 1226 3990 Asturconibus
1252 3918 1374 3989 similes
1397 3918 1456 3998 vi·⁴
1539 4006 1541 4010 ¹

488 4027 642 4100 deantur.
665 4030 703 4099 In
719 4018 810 4099 sicco
833 4028 948 4128 itaque
974 4028 1162 4126 aequalique
1186 4030 1261 4101 solo
1282 4029 1454 4126 quinqua·
1542 4050 1546 4060 ·

491 4136 584 4228 ginta
602 4137 709 4231 passus
724 4137 759 4207 in
779 4137 942 4237 longum,
954 4141 992 4214 δι
1005 4138 1156 4236 quinque
1169 4138 1206 4210 in
1226 4139 1329 4210 latum
1343 4137 1452 4233 plenis
1530 4172 1536 4185 ¹

493 4243 652 4337 cophinis
675 4246 836 4345 digeritur
857 4275 918 4348 per
938 4249 1076 4322 ordines
1102 4268 1217 4339 creta,
1239 4250 1282 4322 ad
1298 4248 1456 4329 similitu·-v

493 4348 607 4425 dinem
629 4351 738 4448 stadii,
752 4356 847 4460 quod
865 4355 1030 4437 aulicibus
1048 4355 1195 4456 asperius
1212 4355 1272 4458 fit,
1290 4367 1362 4434 tum
1385 4357 1455 4448 diss
