3875 5759
602 921 733 995 nuru
758 920 971 996 uernum.
997 920 1097 993 sive
1123 922 1312 996 uutou
1371 925 1436 1023 3⁶3

480 1105 555 1155 turn
574 1079 717 1154 viarum.
731 1081 887 1155 lncitatio
900 1106 1038 1179 quoque
1060 1081 1194 1168 cursus,
1214 1086 1252 1158 δι
1268 1082 1367 1157 saltus
1379 1106 1442 1157 eru·¹

480 1189 609 1278 tenfio,
623 1191 709 1262 hanc
728 1190 873 1264 afferunt
891 1191 1031 1263 causam.
1050 1182 1250 1288 Sanguinem
1273 1191 1374 1290 igitur
1399 1216 1444 1265 ex

481 1296 665 1371 visceribus
687 1321 826 1394 oportet
848 1299 982 1387 emitti,
1008 1318 1110 1395 prout
1125 1299 1266 1398 qualitas
1286 1299 1445 1393 corporis

480 1409 640 1504 patietur.
664 1411 836 1491 Utendum
860 1410 906 1483 est
922 1409 1121 1505 potionibus
1135 1410 1236 1482 etiam
1253 1409 1294 1481 ad
1309 1410 1444 1482 valetu-

482 1516 595 1589 dinem
620 1518 833 1610 necessariis,
847 1518 945 1592 molli
966 1518 1174 1593 dormitione
1190 1516 1313 1592 animal
1332 1517 1445 1591 collo·

480 1627 639 1705 candum.
668 1641 699 1713 ⁹,
1092 1711 1096 1719 q

443 1740 445 1745 ’
531 1740 589 1808 Vl.
610 1742 661 1810 Etr
680 1736 897 1834 perfridione
914 1760 1161 1831 nonnunquam
1175 1733 1374 1807 animalibus
1390 1732 1448 1804 fo-

481 1871 534 1918 ras
555 1849 625 1921 exit
647 1850 775 1923 extalis.
795 1836 854 1948 qui
876 1850 937 1923 hac
959 1848 1092 1920 ratione
1113 1845 1448 1940 curatur.'Scalpello

483 1955 703 2047 scarificabis,
718 1961 887 2056 praecipue
910 1958 1010 2044 loca,
1025 1980 1103 2051 quae
1124 1953 1282 2027 videntur
1295 1956 1450 2025 eminen-

482 2066 593 2156 tiora,
607 2069 790 2163 similiaque
805 2066 959 2140 vesiculis
972 2120 983 2154 ,
997 2063 1195 2140 scarificatio
1208 2062 1320 2162 digitis
1334 2062 1449 2165 expri-

484 2172 607 2261 mitur,
621 2176 657 2245 &
673 2166 890 2261 derarnatur,
905 2174 1048 2269 pulvere
1065 2171 1137 2245 salis
1156 2171 1373 2270 perfricatur,
1387 2172 1450 2243 do·

463 2363 466 2371 ¹
487 2303 551 2352 nec
571 2306 647 2353 curn
671 2281 933 2379 sanguineadlos
946 2284 1070 2356 humor
1087 2283 1280 2357 exficcetur.
1294 2281 1373 2355 Post
1389 2306 1450 2354 ra·

488 2389 555 2463 lida
570 2395 608 2466 &
627 2392 691 2466 sale
706 2388 860 2485 fovebis,
874 2399 912 2470 δι
938 2395 1161 2491 deprimendo
1179 2396 1270 2469 intus
1283 2394 1450 2483 remittis,

486 2500 523 2572 δι
538 2499 705 2573 continuo
718 2522 907 2576 revertetur
919 2504 961 2577 ad
983 2503 1116 2593 locum,
1129 2506 1218 2577 unde
1232 2504 1370 2576 exierat.
1385 2500 1450 2573 nl-

484 2628 555 2684 tera
576 2610 666 2685 intus
687 2613 800 2710 digitis
820 2614 922 2687 miffis
945 2613 1031 2685 illita
1050 2615 1178 2709 lipara,
1193 2596 1250 2687 vel
1268 2612 1452 2701 meliloto,

484 2719 597 2793 donec
614 2719 755 2795 sanetur.
771 2721 879 2813 Quod
895 2720 1018 2793 vitium
1044 2720 1068 2791 fi
1090 2720 1183 2792 serto
1198 2739 1332 2818 tangere
1351 2719 1451 2792 dubi·

486 2847 558 2917 tas,
581 2828 651 2901 hoc
675 2828 924 2901 medicamento
947 2827 1081 2902 curabis
1097 2828 1272 2925 quotidie:
1297 2828 1451 2905 Castorei

487 2936 606 3009 uncias
627 2954 714 3037 tres,
728 2937 801 3010 salis
825 2937 896 3010 triti
918 2937 1068 3034 pondera
1095 2938 1187 3027 duo,
1207 2936 1281 3011 salis
1306 2943 1465 3016 Ammo-·

489 3045 579 3119 niaci
594 3046 653 3121 lib.
670 3073 790 3137 unam,
808 3046 970 3145 sinopidis
983 3044 1135 3122 Po'nticae
1152 3046 1362 3147 sescunciam.
1379 3050 1453 3124 haec

487 3154 606 3229 omnia·
623 3154 717 3228 tunsa
732 3159 770 3229 δι
787 3156 931 3229 cribrata
951 3156 1076 3252 pariter
1090 3157 1281 3256 decoques,
1295 3158 1453 3255 impones

488 3263 601 3354 extali,
615 3264 653 3338 δι
667 3264 828 3361 alligabis,
843 3264 997 3363 quotidie
1009 3284 1122 3340 autern
1135 3265 1260 3341 lixivio
1274 3266 1386 3339 calido
1394 3264 1454 3342 f0·;

489 3372 608 3462 vebis,
622 3376 660 3447 δι
680 3374 807 3446 medela
818 3374 1006 3463 continua,
1021 3374 1125 3473 usque
1138 3375 1180 3449 ad
1192 3375 1374 3448 sanitatem.
1387 3376 1454 3446 Po·

492 3480 1455 3581 tionibusaure'mthermanticiscalefietagrotum.Aliiin
1551 3504 1557 3528 ⁸

490 3590 555 3663 hac
573 3591 743 3686 passione,
759 3614 835 3663 curn
850 3590 995 3688 axungia
1009 3591 1051 3663 ad
1065 3616 1202 3665 manum
1221 3592 1328 3666 extale
1341 3589 1456 3667 fulciti

490 3704 530 3775 δι
547 3698 669 3795 reponi
682 3717 859 3796 oportere,
876 3699 1056 3789 dixerunt,
1070 3702 1185 3796 postea
1200 3702 1374 3801 spongiam
1392 3725 1453 3796 ap·

490 3808 578 3908 poni
599 3810 737 3883 caudam
757 3811 853 3907 supra
870 3809 1054 3908 alligando.
1076 3810 1110 3881 si
1126 3829 1235 3883 tamen
1257 3810 1374 3883 diebus
1394 3810 1456 3881 ali·

492 3940 581 4017 quot
600 3919 703 3993 fuerit
728 3945 806 3993 cura
825 3920 996 4018 negleila,
1013 3918 1106 4014 ptius
1126 3919 1240 3993 foveri
1262 3920 1303 3991 ad
1328 3918 1385 3991 sex
1409 3945 1453 3992 ex
1491 4000 1493 4005 ,

494 4028 637 4117 lixivio,
652 4028 710 4101 vel
727 4028 811 4117 sale,
829 4032 867 4106 δι
880 4026 977 4103 urina
989 4026 1132 4120 calenti,
1149 4032 1188 4106 &
1200 4028 1243 4103 fic
1252 4028 1381 4128 reliqua
1395 4056 1454 4104 cu·

495 4138 683 4212 rationibus
703 4138 847 4235 impleri.
1481 4193 1485 4209 ..

564 4250 637 4320 Vll.
662 4249 779 4321 Dolor
804 4272 921 4321 renum
943 4246 1143 4322 animalibus
1166 4247 1251 4343 saepe
1270 4244 1451 4346 contingit.¹

494 4358 549 4435 his
563 4358 719 4458 proditur
733 4359 853 4461 tignis:
870 4364 944 4439 Nec
963 4363 1120 4439 incedere
1137 4361 1288 4462 poterit,
1305 4386 1369 4436 nec
1390 4386 1452 4437 cu·
