3875 5759
631 920 715 996 uu
749 923 820 996 nn
851 922 1117 1006 nusnrcn
1151 928 1245 1002 rur.
1283 930 1331 1002 r.‹
1405 951 1454 1031 4,
1518 987 1523 999 .

492 1067 540 1160 bc
557 1078 814 1188 impletislsunro
831 1081 999 1162 cuniculis
1012 1083 1118 1179 talpas
1137 1086 1194 1158 vel
1206 1084 1323 1183 sugere
1341 1089 1453 1182 proti-
1553 1166 1558 1178 ,

491 1211 575 1274 nus,
599 1187 658 1258 vel
675 1189 795 1264 necari.
816 1238 861 1253 --ἡ
873 1192 990 1272 Mures
1010 1193 1210 1280 rullicoS,s1
1231 1195 1384 1292 querneo
1405 1198 1454 1269 ci·

464 1364 467 1368 ,
490 1319 587 1412 nere·
589 1294 695 1368 aditus
708 1321 827 1372 eorum
850 1298 993 1389 satures,
1007 1303 1130 1374 anaslu
1144 1300 1311 1399 frequenti
1326 1304 1452 1379 scabies

490 1403 674 1500 occupabit
689 1429 728 1478 ac
748 1404 898 1500 perimet.
915 1458 950 1472 -
965 1408 1140 1512 Serpentes
1157 1435 1266 1507 prope
1283 1414 1378 1486 ornni
1390 1439 1451 1486 au·

490 1514 635 1616 steritare
659 1514 837 1615 fugantur,
858 1522 898 1594 δι
915 1540 1079 1594 nocentes
1095 1520 1229 1617 spiritus
1252 1521 1451 1596 innocentia

489 1621 575 1696 fumi
591 1627 816 1723 graveolentis
836 1628 995 1726 exagitat.
1013 1635 1158 1704 Uramus
1172 1629 1372 1727 galbanum,
1392 1632 1452 1704 vel

490 1735 584 1810 cervi
602 1760 748 1819 cornua,
769 1738 897 1811 radices
912 1737 1118 1835 lilii,caprae
1135 1739 1285 1835 ungulas.
1307 1740 1374 1814 hoc
1393 1727 1452 1839 ge·
1514 1815 1517 1820 ⁴

487 1870 568 1918 nere
591 1846 866 1935 monstranoxia
888 1848 1123 1941 prohibentur.
1150 1894 1185 1907 -
1203 1846 1336 1940 Opinio
1356 1852 1455 1921 Grae·

487 1977 609 2026 corum
625 1954 726 2044 est‚fi
741 1957 848 2043 nubes
861 1953 1066 2045 locustarum
1083 1972 1222 2048 repente
1234 1951 1453 2043 surrexerint,

486 2059 670 2132 latentibus
684 2062 770 2133 intra
788 2060 880 2160 resia·
893 2060 1021 2134 cunslis
1034 2060 1253 2154 ‚hominibus
1267 2085 1339 2134 eam
1358 2063 1452 2159 posse

487 2168 654 2238 transire:
674 2171 768 2264 quod
789 2166 814 2240 s1
835 2166 1091 2245 inobservantes
1117 2170 1272 2244 homines
1295 2169 1365 2266 subp·
1376 2197 1452 2245 aere
1515 2237 1519 2246 .

486 2276 761 2372 deprehendant,
779 2278 866 2351 nulli
885 2278 1052 2356 fruuuum
1076 2282 1217 2373 noceri,
1236 2282 1261 2355 sr
1281 2284 1450 2359 continuo

486 2410 608 2458 omnes
629 2387 670 2460 ad
695 2388 779 2461 reda
810 2389 1021 2489 confugiant.
1053 2394 1137 2467 Pelli
1162 2394 1262 2467 eriam
1289 2395 1450 2469 dicuntur

485 2495 590 2569 amari
606 2496 713 2593 lupini
736 2497 795 2571 vel
814 2501 946 2597 agrestis
973 2502 1160 2596 cucumeris
1181 2505 1267 2600 aqua
1287 2505 1450 2590 decussa,

484 2606 510 2690 fi
524 2605 640 2680 muriae
653 2609 757 2682 mixta
774 2607 943 2684 fundatur.
958 2612 1159 2683 Existimant
1173 2611 1291 2707 aliqui,
1304 2613 1449 2687 locustas

484 2717 544 2790 vel
559 2716 711 2814 scorpios
723 2718 834 2811 fugari
853 2718 967 2814 posse,
983 2719 1007 2789 si
1021 2720 1179 2811 aliquiex
1197 2720 1245 2787 eis
1259 2740 1400 2791 urantur
1412 2722 1450 2791 in

484 2823 666 2897 medio.-
688 2826 835 2913 Campas
858 2820 1018 2891 nonnulli
1035 2818 1185 2892 ficulneo
1210 2822 1321 2892 cinere
1343 2825 1452 2915 perse·

484 2947 651 3026 quunrur.
675 2929 697 2998 sr
715 2925 976 3021 permanserint,
998 2926 1094 2999 urina
1116 2928 1299 3002 bubula&
1316 2953 1451 3006 amurca

485 3033 662 3131 aequaliter
684 3034 791 3107 mixta
816 3033 1060 3125 conferveant,
1084 3039 1123 3112 δι
1145 3035 1205 3108 ubi
1226 3037 1449 3129 refrixerint,

484 3146 579 3218 olera
608 3147 724 3218 omnia
751 3147 821 3219 hoc
849 3145 957 3220 imbre
987 3141 1189 3246 consperge..
1211 3160 1447 3245 nparououpsaer

482 3253 598 3354 Graeci
617 3274 745 3329 vocant
764 3255 941 3347 animalia,
954 3282 1033 3353 quae
1055 3255 1165 3329 solent
1180 3257 1289 3329 hortis
1309 3281 1448 3332 nocere.

482 3365 575 3461 Ergo
601 3364 827 3439 ventriculum
856 3367 1014 3440 vervecis·
1038 3366 1148 3438 statim
1176 3364 1278 3440 occisi
1307 3366 1445 3461 plenum

482 3476 636 3548 sordibus
656 3478 742 3566 suis,
755 3476 886 3571 spatio,
899 3501 971 3571 quo
993 3476 1187 3565 abundant,
1203 3474 1326 3549 leviter
1345 3476 1445 3548 debe·

482 3582 535 3656 bis
553 3584 698 3678 operiress
721 3584 797 3680 post
817 3584 957 3658 biduum
978 3582 1123 3679 reperies
1146 3582 1194 3655 ibi
1207 3584 1361 3658 animalia
1374 3579 1445 3681 ipsa

482 3693 651 3791 congesta.
679 3693 851 3768 boccum
884 3693 935 3765 bis
967 3691 1022 3764 vel
1043 3690 1144 3764 tertio
1175 3691 1315 3789 seceris,
1338 3719 1445 3791 genus

481 3831 607 3894 omne,
618 3805 713 3902 quod
725 3803 888 3891 nocebit,
899 3802 1099 3898 exstingues.
1115 3804 1281 3875 Grandini
1294 3804 1443 3876 creditur

480 3913 682 4008 obviare,si
704 3913 779 4009 quis
800 3910 968 3986 crocodili
989 3911 1111 4006 pellem
1136 3912 1367 4010 velhyaenae,
1384 3912 1442 3983 vel

481 4023 601 4102 marini
616 4022 717 4095 vituli
736 4045 797 4115 per
816 4020 916 4117 spatia
931 4016 1141 4115 possessionis
1156 4018 1369 4091 circumferar
1381 4073 1389 4104 ‚
1401 4022 1440 4093 δι

480 4132 518 4204 in
539 4133 632 4204 villae
650 4150 709 4205 aut
728 4128 835 4225 corso
855 4128 1028 4225 suspendat
1045 4126 1211 4224 ingressu,
1226 4153 1302 4198 cum
1315 4126 1452 4232 malum¹

480 4238 607 4310 viderit
627 4239 813 4312 imminere.
826 4238 904 4309 item
918 4238 942 4312 fi
955 4234 1133 4333 palustrem
1148 4234 1345 4306 testudinem
1359 4235 1439 4308 dex·

481 4364 532 4419 tra
551 4370 655 4420 manu
668 4345 818 4444 supinam
837 4344 946 4420 ferens
960 4346 1079 4423 vineas
1097 4340 1323 4445 perambulet,
1335 4345 1372 4418 δι
1384 4368 1439 4415 re·
