<?xml version="1.0" encoding="UTF-8"?>
<!DOCTYPE html PUBLIC "-//W3C//DTD XHTML 1.0 Transitional//EN"
    "http://www.w3.org/TR/xhtml1/DTD/xhtml1-transitional.dtd">
<html xmlns="http://www.w3.org/1999/xhtml" xml:lang="en" lang="en">
 <head>
  <title>
</title>
<meta http-equiv="Content-Type" content="text/html;charset=utf-8" />
  <meta name='ocr-system' content='tesseract 3.04.00' />
  <meta name='ocr-capabilities' content='ocr_page ocr_carea ocr_par ocr_line ocrx_word'/>
</head>
<body>
  <div class='ocr_page' id='page_1' title='image "./scriptoresreiru00gesngoog_0275.png"; bbox 0 0 3875 5759; ppageno 0'>
   <div class='ocr_carea' id='block_1_1' title="bbox 459 937 1372 1044">
    <p class='ocr_par' dir='ltr' id='par_1_1' title="bbox 459 937 1372 1044">
     <span class='ocr_line' id='line_1_1' title="bbox 459 937 1372 1044; baseline -0.003 -25"><span class='ocrx_word' id='word_1_1' title='bbox 459 1002 461 1005; x_wconf 93' lang='lat'>.</span> <span class='ocrx_word' id='word_1_2' title='bbox 539 942 673 1017; x_wconf 77' lang='lat' dir='ltr'>nuris</span> <span class='ocrx_word' id='word_1_3' title='bbox 696 937 909 1014; x_wconf 71' lang='lat' dir='ltr'>versum.</span> <span class='ocrx_word' id='word_1_4' title='bbox 933 941 1032 1014; x_wconf 75' lang='lat' dir='ltr'>sive</span> <span class='ocrx_word' id='word_1_5' title='bbox 1057 942 1242 1016; x_wconf 70' lang='lat' dir='ltr'>mucosa</span> <span class='ocrx_word' id='word_1_6' title='bbox 1301 960 1372 1044; x_wconf 70' lang='lat'>27,-</span> 
     </span>
    </p>
   </div>
   <div class='ocr_carea' id='block_1_2' title="bbox 394 1099 1470 4368">
    <p class='ocr_par' dir='ltr' id='par_1_2' title="bbox 394 1099 1470 3054">
     <span class='ocr_line' id='line_1_2' title="bbox 412 1099 1373 1203; baseline 0.002 -27"><span class='ocrx_word' id='word_1_7' title='bbox 412 1102 508 1203; x_wconf 90' lang='lat' dir='ltr'>quod</span> <span class='ocrx_word' id='word_1_8' title='bbox 519 1102 706 1199; x_wconf 86' lang='lat' dir='ltr'>acceperit,</span> <span class='ocrx_word' id='word_1_9' title='bbox 719 1101 761 1175; x_wconf 93' lang='lat' dir='ltr'>ad</span> <span class='ocrx_word' id='word_1_10' title='bbox 781 1099 944 1174; x_wconf 87' lang='lat' dir='ltr'>interiora</span> <span class='ocrx_word' id='word_1_11' title='bbox 960 1100 1145 1175; x_wconf 85' lang='lat' dir='ltr'>descendat.</span> <span class='ocrx_word' id='word_1_12' title='bbox 1161 1101 1296 1197; x_wconf 88' lang='lat' dir='ltr'>quoties</span> <span class='ocrx_word' id='word_1_13' title='bbox 1310 1129 1373 1178; x_wconf 91' lang='lat' dir='ltr'>au-</span> 
     </span>
     <span class='ocr_line' id='line_1_3' title="bbox 414 1207 1374 1312; baseline 0.001 -26"><span class='ocrx_word' id='word_1_14' title='bbox 414 1236 482 1287; x_wconf 89' lang='lat' dir='ltr'>tem</span> <span class='ocrx_word' id='word_1_15' title='bbox 505 1213 735 1312; x_wconf 86' lang='lat' dir='ltr'>clysteriabis‚</span> <span class='ocrx_word' id='word_1_16' title='bbox 758 1231 861 1308; x_wconf 88' lang='lat' dir='ltr'>caput</span> <span class='ocrx_word' id='word_1_17' title='bbox 884 1207 1037 1288; x_wconf 76' lang='lat' dir='ltr'>animalis</span> <span class='ocrx_word' id='word_1_18' title='bbox 1059 1212 1096 1286; x_wconf 82' lang='lat' dir='ltr'>ita</span> <span class='ocrx_word' id='word_1_19' title='bbox 1116 1211 1207 1285; x_wconf 83' lang='lat' dir='ltr'>valle</span> <span class='ocrx_word' id='word_1_20' title='bbox 1231 1212 1374 1304; x_wconf 87' lang='lat' dir='ltr'>statues,</span> 
     </span>
     <span class='ocr_line' id='line_1_4' title="bbox 414 1319 1377 1420; baseline -0.002 -23"><span class='ocrx_word' id='word_1_21' title='bbox 414 1326 453 1397; x_wconf 90' lang='lat'><strong>&amp;</strong></span> <span class='ocrx_word' id='word_1_22' title='bbox 466 1324 580 1396; x_wconf 90' lang='lat' dir='ltr'>clunes</span> <span class='ocrx_word' id='word_1_23' title='bbox 591 1324 635 1395; x_wconf 90' lang='lat' dir='ltr'>ad</span> <span class='ocrx_word' id='word_1_24' title='bbox 647 1322 770 1395; x_wconf 85' lang='lat' dir='ltr'>altiora</span> <span class='ocrx_word' id='word_1_25' title='bbox 784 1341 987 1413; x_wconf 87' lang='lat' dir='ltr'>convertes,</span> <span class='ocrx_word' id='word_1_26' title='bbox 1002 1319 1060 1409; x_wconf 80' lang='lat' dir='ltr'>u&#39;t,</span> <span class='ocrx_word' id='word_1_27' title='bbox 1070 1321 1165 1417; x_wconf 91' lang='lat' dir='ltr'>quod</span> <span class='ocrx_word' id='word_1_28' title='bbox 1179 1345 1238 1414; x_wconf 88' lang='lat' dir='ltr'>per</span> <span class='ocrx_word' id='word_1_29' title='bbox 1251 1321 1377 1420; x_wconf 82' lang='lat' dir='ltr'>clyste-</span> 
     </span>
     <span class='ocr_line' id='line_1_5' title="bbox 414 1430 1375 1530; baseline 0.002 -26"><span class='ocrx_word' id='word_1_30' title='bbox 414 1459 485 1507; x_wconf 89' lang='lat' dir='ltr'>rem</span> <span class='ocrx_word' id='word_1_31' title='bbox 510 1434 691 1522; x_wconf 86' lang='lat' dir='ltr'>diffundis,</span> <span class='ocrx_word' id='word_1_32' title='bbox 715 1433 756 1530; x_wconf 81' lang='lat' dir='ltr'>ad</span> <span class='ocrx_word' id='word_1_33' title='bbox 783 1430 946 1506; x_wconf 78' lang='lat' dir='ltr'>interiora</span> <span class='ocrx_word' id='word_1_34' title='bbox 967 1431 1154 1529; x_wconf 88' lang='lat' dir='ltr'>perveniat.</span> <span class='ocrx_word' id='word_1_35' title='bbox 1179 1432 1375 1506; x_wconf 84' lang='lat' dir='ltr'>Diutissime</span> 
     </span>
     <span class='ocr_line' id='line_1_6' title="bbox 394 1531 1377 1640; baseline 0.002 -28"><span class='ocrx_word' id='word_1_36' title='bbox 394 1617 396 1622; x_wconf 68' lang='grc'>,</span> <span class='ocrx_word' id='word_1_37' title='bbox 413 1561 525 1613; x_wconf 93' lang='lat' dir='ltr'>autem</span> <span class='ocrx_word' id='word_1_38' title='bbox 547 1542 621 1637; x_wconf 88' lang='lat' dir='ltr'>post</span> <span class='ocrx_word' id='word_1_39' title='bbox 633 1531 810 1640; x_wconf 80' lang='lat' dir='ltr'>potionem</span> <span class='ocrx_word' id='word_1_40' title='bbox 827 1539 863 1612; x_wconf 92' lang='lat' dir='ltr'>in</span> <span class='ocrx_word' id='word_1_41' title='bbox 878 1539 997 1613; x_wconf 92' lang='lat' dir='ltr'>talibus</span> <span class='ocrx_word' id='word_1_42' title='bbox 1010 1539 1096 1615; x_wconf 90' lang='lat' dir='ltr'>locis</span> <span class='ocrx_word' id='word_1_43' title='bbox 1116 1540 1239 1613; x_wconf 91' lang='lat' dir='ltr'>animal</span> <span class='ocrx_word' id='word_1_44' title='bbox 1253 1541 1377 1614; x_wconf 89' lang='lat' dir='ltr'>retine·</span> 
     </span>
     <span class='ocr_line' id='line_1_7' title="bbox 414 1647 1378 1745; baseline -0.001 -22"><span class='ocrx_word' id='word_1_45' title='bbox 414 1670 492 1741; x_wconf 90' lang='lat' dir='ltr'>tur,</span> <span class='ocrx_word' id='word_1_46' title='bbox 516 1672 554 1723; x_wconf 89' lang='lat' dir='ltr'>ut</span> <span class='ocrx_word' id='word_1_47' title='bbox 572 1652 704 1727; x_wconf 81' lang='lat' dir='ltr'>facilius</span> <span class='ocrx_word' id='word_1_48' title='bbox 727 1669 888 1728; x_wconf 86' lang='lat' dir='ltr'>necentur</span> <span class='ocrx_word' id='word_1_49' title='bbox 916 1650 973 1723; x_wconf 87' lang='lat' dir='ltr'>vel</span> <span class='ocrx_word' id='word_1_50' title='bbox 993 1647 1169 1743; x_wconf 89' lang='lat' dir='ltr'>ejiciantur</span> <span class='ocrx_word' id='word_1_51' title='bbox 1194 1649 1297 1745; x_wconf 85' lang='lat' dir='ltr'>pestes</span> <span class='ocrx_word' id='word_1_52' title='bbox 1319 1649 1378 1722; x_wconf 60' lang='lat' dir='ltr'>ina</span> 
     </span>
     <span class='ocr_line' id='line_1_8' title="bbox 413 1755 1375 1851; baseline -0.002 -21"><span class='ocrx_word' id='word_1_53' title='bbox 413 1777 527 1834; x_wconf 87' lang='lat' dir='ltr'>ternae.</span> <span class='ocrx_word' id='word_1_54' title='bbox 545 1762 597 1832; x_wconf 86' lang='lat' dir='ltr'>Ad</span> <span class='ocrx_word' id='word_1_55' title='bbox 615 1760 729 1834; x_wconf 87' lang='lat' dir='ltr'>collos</span> <span class='ocrx_word' id='word_1_56' title='bbox 739 1764 780 1848; x_wconf 82' lang='lat'>&amp;.</span> <span class='ocrx_word' id='word_1_57' title='bbox 790 1757 976 1831; x_wconf 84' lang='lat' dir='ltr'>lumbricos</span> <span class='ocrx_word' id='word_1_58' title='bbox 991 1755 1141 1851; x_wconf 88' lang='lat' dir='ltr'>specialis</span> <span class='ocrx_word' id='word_1_59' title='bbox 1155 1756 1265 1850; x_wconf 86' lang='lat' dir='ltr'>potio.</span> <span class='ocrx_word' id='word_1_60' title='bbox 1285 1759 1375 1830; x_wconf 90' lang='lat' dir='ltr'>Her-</span> 
     </span>
     <span class='ocr_line' id='line_1_9' title="bbox 413 1861 1377 1955; baseline -0.002 -16"><span class='ocrx_word' id='word_1_61' title='bbox 413 1864 467 1939; x_wconf 82' lang='lat' dir='ltr'>bae</span> <span class='ocrx_word' id='word_1_62' title='bbox 484 1868 703 1941; x_wconf 84' lang='lat' dir='ltr'><strong>cameleontis</strong></span> <span class='ocrx_word' id='word_1_63' title='bbox 727 1867 874 1939; x_wconf 90' lang='lat' dir='ltr'>radicem</span> <span class='ocrx_word' id='word_1_64' title='bbox 894 1888 937 1935; x_wconf 88' lang='lat' dir='ltr'>ex</span> <span class='ocrx_word' id='word_1_65' title='bbox 957 1886 1042 1955; x_wconf 91' lang='lat' dir='ltr'>aqua</span> <span class='ocrx_word' id='word_1_66' title='bbox 1059 1861 1101 1933; x_wconf 93' lang='lat' dir='ltr'>ad</span> <span class='ocrx_word' id='word_1_67' title='bbox 1120 1861 1250 1934; x_wconf 85' lang='lat' dir='ltr'>tertiam</span> <span class='ocrx_word' id='word_1_68' title='bbox 1269 1864 1377 1937; x_wconf 90' lang='lat' dir='ltr'>deco·</span> 
     </span>
     <span class='ocr_line' id='line_1_10' title="bbox 414 1971 1378 2075; baseline 0 -26"><span class='ocrx_word' id='word_1_69' title='bbox 414 2002 517 2075; x_wconf 90' lang='lat' dir='ltr'>ques,</span> <span class='ocrx_word' id='word_1_70' title='bbox 531 1980 569 2051; x_wconf 89' lang='lat'>&amp;</span> <span class='ocrx_word' id='word_1_71' title='bbox 591 2005 669 2053; x_wconf 91' lang='lat' dir='ltr'>cum</span> <span class='ocrx_word' id='word_1_72' title='bbox 689 1972 898 2071; x_wconf 78' lang='lat' dir='ltr'>opopanacis</span> <span class='ocrx_word' id='word_1_73' title='bbox 917 1971 1045 2045; x_wconf 90' lang='lat' dir='ltr'>duabus</span> <span class='ocrx_word' id='word_1_74' title='bbox 1063 1972 1172 2045; x_wconf 90' lang='lat' dir='ltr'>unciis</span> <span class='ocrx_word' id='word_1_75' title='bbox 1185 1975 1322 2065; x_wconf 86' lang='lat' dir='ltr'>misces,</span> <span class='ocrx_word' id='word_1_76' title='bbox 1335 1999 1378 2060; x_wconf 86' lang='lat' dir='ltr'>ac</span> 
     </span>
     <span class='ocr_line' id='line_1_11' title="bbox 414 2079 1378 2182; baseline 0 -26"><span class='ocrx_word' id='word_1_77' title='bbox 414 2084 490 2156; x_wconf 91' lang='lat' dir='ltr'>vini</span> <span class='ocrx_word' id='word_1_78' title='bbox 517 2086 711 2171; x_wconf 89' lang='lat' dir='ltr'>heminam,</span> <span class='ocrx_word' id='word_1_79' title='bbox 735 2081 834 2153; x_wconf 90' lang='lat' dir='ltr'>&amp;ad</span> <span class='ocrx_word' id='word_1_80' title='bbox 858 2102 966 2152; x_wconf 91' lang='lat' dir='ltr'>cornu</span> <span class='ocrx_word' id='word_1_81' title='bbox 991 2102 1050 2175; x_wconf 90' lang='lat' dir='ltr'>per</span> <span class='ocrx_word' id='word_1_82' title='bbox 1071 2079 1233 2154; x_wconf 85' lang='lat' dir='ltr'>finistram</span> <span class='ocrx_word' id='word_1_83' title='bbox 1260 2108 1378 2182; x_wconf 80' lang='lat' dir='ltr'>narem</span> 
     </span>
     <span class='ocr_line' id='line_1_12' title="bbox 414 2187 1470 2277; baseline 0 -11"><span class='ocrx_word' id='word_1_84' title='bbox 414 2194 585 2267; x_wconf 85' lang='lat' dir='ltr'>diffundis.</span> <span class='ocrx_word' id='word_1_85' title='bbox 606 2197 690 2265; x_wconf 86' lang='lat' dir='ltr'>Item</span> <span class='ocrx_word' id='word_1_86' title='bbox 703 2190 767 2263; x_wconf 89' lang='lat' dir='ltr'>alia</span> <span class='ocrx_word' id='word_1_87' title='bbox 782 2190 823 2263; x_wconf 93' lang='lat' dir='ltr'>ad</span> <span class='ocrx_word' id='word_1_88' title='bbox 837 2187 1033 2262; x_wconf 77' lang='lat' dir='ltr'>lumbricos·</span> <span class='ocrx_word' id='word_1_89' title='bbox 1052 2188 1193 2263; x_wconf 86' lang='lat' dir='ltr'>Seminis</span> <span class='ocrx_word' id='word_1_90' title='bbox 1204 2190 1378 2266; x_wconf 88' lang='lat' dir='ltr'>coriandri</span> <span class='ocrx_word' id='word_1_91' title='bbox 1468 2274 1470 2277; x_wconf 9' lang='lat' dir='ltr'>y</span> 
     </span>
     <span class='ocr_line' id='line_1_13' title="bbox 414 2296 1404 2401; baseline 0 -27"><span class='ocrx_word' id='word_1_92' title='bbox 414 2322 576 2401; x_wconf 88' lang='lat' dir='ltr'>quantum</span> <span class='ocrx_word' id='word_1_93' title='bbox 596 2326 662 2374; x_wconf 89' lang='lat' dir='ltr'>una</span> <span class='ocrx_word' id='word_1_94' title='bbox 690 2325 808 2374; x_wconf 89' lang='lat' dir='ltr'>manus</span> <span class='ocrx_word' id='word_1_95' title='bbox 829 2297 956 2395; x_wconf 85' lang='lat' dir='ltr'>ceperit</span> <span class='ocrx_word' id='word_1_96' title='bbox 979 2296 1099 2398; x_wconf 86' lang='lat' dir='ltr'>friges,</span> <span class='ocrx_word' id='word_1_97' title='bbox 1115 2299 1266 2373; x_wconf 89' lang='lat' dir='ltr'>naslurtii</span> <span class='ocrx_word' id='word_1_98' title='bbox 1284 2328 1378 2400; x_wconf 86' lang='lat' dir='ltr'>quo·</span> <span class='ocrx_word' id='word_1_99' title='bbox 1399 2299 1404 2332; x_wconf 85' lang='lat'><strong>¹</strong></span> 
     </span>
     <span class='ocr_line' id='line_1_14' title="bbox 413 2408 1377 2510; baseline 0 -24"><span class='ocrx_word' id='word_1_100' title='bbox 413 2440 480 2510; x_wconf 92' lang='lat' dir='ltr'>que</span> <span class='ocrx_word' id='word_1_101' title='bbox 496 2412 627 2485; x_wconf 90' lang='lat' dir='ltr'>seminis</span> <span class='ocrx_word' id='word_1_102' title='bbox 648 2414 843 2485; x_wconf 84' lang='lat' dir='ltr'>tantundem</span> <span class='ocrx_word' id='word_1_103' title='bbox 857 2408 1035 2509; x_wconf 86' lang='lat' dir='ltr'>diligenter</span> <span class='ocrx_word' id='word_1_104' title='bbox 1053 2428 1162 2502; x_wconf 90' lang='lat' dir='ltr'>teres,</span> <span class='ocrx_word' id='word_1_105' title='bbox 1178 2437 1257 2509; x_wconf 83' lang='lat' dir='ltr'>quae</span> <span class='ocrx_word' id='word_1_106' title='bbox 1283 2431 1377 2501; x_wconf 64' lang='lat' dir='ltr'>utra-g</span> 
     </span>
     <span class='ocr_line' id='line_1_15' title="bbox 398 2519 1377 2622; baseline -0.005 -25"><span class='ocrx_word' id='word_1_107' title='bbox 398 2536 482 2622; x_wconf 86' lang='lat' dir='ltr'>¹que</span> <span class='ocrx_word' id='word_1_108' title='bbox 501 2550 579 2598; x_wconf 91' lang='lat' dir='ltr'>cum</span> <span class='ocrx_word' id='word_1_109' title='bbox 602 2550 687 2622; x_wconf 90' lang='lat' dir='ltr'>aqua</span> <span class='ocrx_word' id='word_1_110' title='bbox 704 2524 816 2622; x_wconf 90' lang='lat' dir='ltr'>tepida</span> <span class='ocrx_word' id='word_1_111' title='bbox 831 2548 891 2620; x_wconf 91' lang='lat' dir='ltr'>per</span> <span class='ocrx_word' id='word_1_112' title='bbox 907 2522 1057 2595; x_wconf 91' lang='lat' dir='ltr'>triduum</span> <span class='ocrx_word' id='word_1_113' title='bbox 1081 2519 1235 2596; x_wconf 72' lang='lat' dir='ltr'>faucibus</span> <span class='ocrx_word' id='word_1_114' title='bbox 1258 2520 1377 2593; x_wconf 90' lang='lat' dir='ltr'>infun·</span> 
     </span>
     <span class='ocr_line' id='line_1_16' title="bbox 414 2626 1378 2723; baseline -0.002 -18"><span class='ocrx_word' id='word_1_115' title='bbox 414 2634 483 2707; x_wconf 90' lang='lat' dir='ltr'>des.</span> <span class='ocrx_word' id='word_1_116' title='bbox 503 2634 556 2705; x_wconf 87' lang='lat' dir='ltr'>Ad</span> <span class='ocrx_word' id='word_1_117' title='bbox 579 2632 727 2705; x_wconf 88' lang='lat' dir='ltr'>matricis</span> <span class='ocrx_word' id='word_1_118' title='bbox 748 2630 905 2704; x_wconf 89' lang='lat' dir='ltr'>dolorem</span> <span class='ocrx_word' id='word_1_119' title='bbox 921 2626 1138 2700; x_wconf 87' lang='lat' dir='ltr'>medicamen.</span> <span class='ocrx_word' id='word_1_120' title='bbox 1158 2628 1246 2701; x_wconf 85' lang='lat' dir='ltr'>Aloe</span> <span class='ocrx_word' id='word_1_121' title='bbox 1269 2629 1378 2723; x_wconf 88' lang='lat' dir='ltr'>epati-</span> 
     </span>
     <span class='ocr_line' id='line_1_17' title="bbox 414 2735 1379 2832; baseline -0.006 -15"><span class='ocrx_word' id='word_1_122' title='bbox 414 2769 491 2818; x_wconf 91' lang='lat' dir='ltr'>cum</span> <span class='ocrx_word' id='word_1_123' title='bbox 502 2798 513 2832; x_wconf 95' lang='lat'>,</span> <span class='ocrx_word' id='word_1_124' title='bbox 526 2742 716 2828; x_wconf 82' lang='lat' dir='ltr'>masticem,</span> <span class='ocrx_word' id='word_1_125' title='bbox 731 2740 939 2828; x_wconf 84' lang='lat' dir='ltr'>castoreum,</span> <span class='ocrx_word' id='word_1_126' title='bbox 954 2735 1042 2807; x_wconf 91' lang='lat' dir='ltr'>lauri</span> <span class='ocrx_word' id='word_1_127' title='bbox 1065 2736 1182 2809; x_wconf 91' lang='lat' dir='ltr'>baccas</span> <span class='ocrx_word' id='word_1_128' title='bbox 1196 2789 1207 2828; x_wconf 89' lang='lat'>,</span> <span class='ocrx_word' id='word_1_129' title='bbox 1221 2739 1379 2811; x_wconf 71' lang='lat' dir='ltr'>amunia-¹</span> 
     </span>
     <span class='ocr_line' id='line_1_18' title="bbox 414 2842 1379 2940; baseline -0.001 -15"><span class='ocrx_word' id='word_1_130' title='bbox 414 2878 512 2940; x_wconf 89' lang='lat' dir='ltr'>cum,</span> <span class='ocrx_word' id='word_1_131' title='bbox 526 2852 613 2923; x_wconf 88' lang='lat' dir='ltr'>vino</span> <span class='ocrx_word' id='word_1_132' title='bbox 632 2851 670 2922; x_wconf 90' lang='lat'>&amp;</span> <span class='ocrx_word' id='word_1_133' title='bbox 687 2849 786 2920; x_wconf 89' lang='lat' dir='ltr'>melle</span> <span class='ocrx_word' id='word_1_134' title='bbox 799 2846 905 2918; x_wconf 89' lang='lat' dir='ltr'>mittis</span> <span class='ocrx_word' id='word_1_135' title='bbox 925 2847 961 2919; x_wconf 93' lang='lat' dir='ltr'>in</span> <span class='ocrx_word' id='word_1_136' title='bbox 979 2842 1107 2937; x_wconf 92' lang='lat' dir='ltr'>ollam,</span> <span class='ocrx_word' id='word_1_137' title='bbox 1128 2847 1167 2920; x_wconf 76' lang='grc' dir='ltr'>δι</span> <span class='ocrx_word' id='word_1_138' title='bbox 1186 2844 1303 2922; x_wconf 86' lang='lat' dir='ltr'>bullita</span> <span class='ocrx_word' id='word_1_139' title='bbox 1325 2867 1379 2931; x_wconf 57' lang='lat' dir='ltr'>atq</span> 
     </span>
     <span class='ocr_line' id='line_1_19' title="bbox 414 2955 971 3054; baseline -0.007 -20"><span class='ocrx_word' id='word_1_140' title='bbox 414 2982 523 3045; x_wconf 89' lang='lat' dir='ltr'>teres,</span> <span class='ocrx_word' id='word_1_141' title='bbox 544 2956 701 3054; x_wconf 88' lang='lat' dir='ltr'>dabisque</span> <span class='ocrx_word' id='word_1_142' title='bbox 715 2957 756 3028; x_wconf 92' lang='lat' dir='ltr'>ad</span> <span class='ocrx_word' id='word_1_143' title='bbox 776 2955 971 3030; x_wconf 87' lang='lat' dir='ltr'>bibendum.</span> 
     </span>
    </p>

    <p class='ocr_par' dir='ltr' id='par_1_3' title="bbox 413 3064 1380 4368">
     <span class='ocr_line' id='line_1_20' title="bbox 474 3064 1379 3161; baseline 0.004 -22"><span class='ocrx_word' id='word_1_144' title='bbox 474 3069 599 3139; x_wconf 84' lang='lat' dir='ltr'><strong>XLVI.</strong></span> <span class='ocrx_word' id='word_1_145' title='bbox 625 3066 660 3137; x_wconf 88' lang='lat' dir='ltr'>si</span> <span class='ocrx_word' id='word_1_146' title='bbox 686 3066 780 3161; x_wconf 88' lang='lat' dir='ltr'>quod</span> <span class='ocrx_word' id='word_1_147' title='bbox 805 3064 993 3159; x_wconf 80' lang='lat' dir='ltr'>jumentum</span> <span class='ocrx_word' id='word_1_148' title='bbox 1020 3064 1227 3140; x_wconf 89' lang='lat' dir='ltr'>calculosum</span> <span class='ocrx_word' id='word_1_149' title='bbox 1248 3065 1379 3161; x_wconf 75' lang='lat' dir='ltr'>suerit,</span> 
     </span>
     <span class='ocr_line' id='line_1_21' title="bbox 414 3176 1379 3277; baseline 0.001 -24"><span class='ocrx_word' id='word_1_150' title='bbox 414 3184 488 3253; x_wconf 84' lang='lat' dir='ltr'>haec</span> <span class='ocrx_word' id='word_1_151' title='bbox 508 3180 597 3277; x_wconf 83' lang='lat' dir='ltr'>figna</span> <span class='ocrx_word' id='word_1_152' title='bbox 619 3176 873 3267; x_wconf 86' lang='lat' dir='ltr'>monstrabunt:</span> <span class='ocrx_word' id='word_1_153' title='bbox 894 3195 1095 3275; x_wconf 87' lang='lat' dir='ltr'>torquetur,</span> <span class='ocrx_word' id='word_1_154' title='bbox 1113 3178 1240 3277; x_wconf 84' lang='lat' dir='ltr'>gemit,</span> <span class='ocrx_word' id='word_1_155' title='bbox 1257 3199 1379 3254; x_wconf 86' lang='lat' dir='ltr'>exten-</span> 
     </span>
     <span class='ocr_line' id='line_1_22' title="bbox 414 3285 1377 3387; baseline -0.001 -23"><span class='ocrx_word' id='word_1_156' title='bbox 414 3293 464 3365; x_wconf 91' lang='lat' dir='ltr'>dit</span> <span class='ocrx_word' id='word_1_157' title='bbox 484 3290 517 3363; x_wconf 93' lang='lat' dir='ltr'>se</span> <span class='ocrx_word' id='word_1_158' title='bbox 537 3290 579 3362; x_wconf 94' lang='lat' dir='ltr'>ad</span> <span class='ocrx_word' id='word_1_159' title='bbox 599 3305 759 3362; x_wconf 91' lang='lat' dir='ltr'>conatum</span> <span class='ocrx_word' id='word_1_160' title='bbox 781 3287 971 3387; x_wconf 87' lang='lat' dir='ltr'>mingendi,</span> <span class='ocrx_word' id='word_1_161' title='bbox 989 3285 1089 3359; x_wconf 85' lang='lat' dir='ltr'>stillat</span> <span class='ocrx_word' id='word_1_162' title='bbox 1109 3300 1281 3362; x_wconf 87' lang='lat' dir='ltr'>veretrum</span> <span class='ocrx_word' id='word_1_163' title='bbox 1304 3290 1377 3384; x_wconf 79' lang='lat' dir='ltr'>eius</span> 
     </span>
     <span class='ocr_line' id='line_1_23' title="bbox 413 3393 1378 3499; baseline 0.001 -28"><span class='ocrx_word' id='word_1_164' title='bbox 413 3401 517 3499; x_wconf 85' lang='lat' dir='ltr'>guttis</span> <span class='ocrx_word' id='word_1_165' title='bbox 534 3397 724 3487; x_wconf 88' lang='lat' dir='ltr'>materiam,</span> <span class='ocrx_word' id='word_1_166' title='bbox 739 3399 913 3471; x_wconf 91' lang='lat' dir='ltr'>modicum</span> <span class='ocrx_word' id='word_1_167' title='bbox 931 3398 1081 3496; x_wconf 87' lang='lat' dir='ltr'>mingit,</span> <span class='ocrx_word' id='word_1_168' title='bbox 1102 3403 1140 3473; x_wconf 81' lang='grc' dir='ltr'>δι</span> <span class='ocrx_word' id='word_1_169' title='bbox 1168 3399 1266 3495; x_wconf 88' lang='lat' dir='ltr'>plene</span> <span class='ocrx_word' id='word_1_170' title='bbox 1290 3393 1378 3472; x_wconf 90' lang='lat' dir='ltr'>min·</span> 
     </span>
     <span class='ocr_line' id='line_1_24' title="bbox 415 3504 1379 3606; baseline 0 -27"><span class='ocrx_word' id='word_1_171' title='bbox 415 3533 494 3606; x_wconf 87' lang='lat' dir='ltr'>gere</span> <span class='ocrx_word' id='word_1_172' title='bbox 510 3530 582 3576; x_wconf 92' lang='lat' dir='ltr'>non</span> <span class='ocrx_word' id='word_1_173' title='bbox 600 3504 728 3599; x_wconf 87' lang='lat' dir='ltr'>potest,</span> <span class='ocrx_word' id='word_1_174' title='bbox 742 3504 837 3600; x_wconf 87' lang='lat' dir='ltr'>quod</span> <span class='ocrx_word' id='word_1_175' title='bbox 851 3504 1007 3599; x_wconf 91' lang='lat' dir='ltr'>quotidie</span> <span class='ocrx_word' id='word_1_176' title='bbox 1030 3504 1165 3600; x_wconf 89' lang='lat' dir='ltr'>patitur.</span> <span class='ocrx_word' id='word_1_177' title='bbox 1185 3507 1249 3578; x_wconf 84' lang='lat' dir='ltr'>Sed</span> <span class='ocrx_word' id='word_1_178' title='bbox 1266 3506 1379 3601; x_wconf 87' lang='lat' dir='ltr'>hujus·</span> 
     </span>
     <span class='ocr_line' id='line_1_25' title="bbox 415 3612 1378 3715; baseline -0.002 -24"><span class='ocrx_word' id='word_1_179' title='bbox 415 3615 511 3691; x_wconf 91' lang='lat' dir='ltr'>modi</span> <span class='ocrx_word' id='word_1_180' title='bbox 534 3613 656 3696; x_wconf 87' lang='lat' dir='ltr'>vitium</span> <span class='ocrx_word' id='word_1_181' title='bbox 669 3613 792 3686; x_wconf 90' lang='lat' dir='ltr'>tenetis</span> <span class='ocrx_word' id='word_1_182' title='bbox 812 3612 1173 3712; x_wconf 68' lang='lat' dir='ltr'>aetatibus-plerumque</span> <span class='ocrx_word' id='word_1_183' title='bbox 1186 3618 1378 3715; x_wconf 90' lang='lat' dir='ltr'>contingit,</span> 
     </span>
     <span class='ocr_line' id='line_1_26' title="bbox 416 3721 1378 3823; baseline -0.002 -24"><span class='ocrx_word' id='word_1_184' title='bbox 416 3723 513 3823; x_wconf 90' lang='lat' dir='ltr'>quod</span> <span class='ocrx_word' id='word_1_185' title='bbox 532 3722 575 3795; x_wconf 87' lang='lat' dir='ltr'>src</span> <span class='ocrx_word' id='word_1_186' title='bbox 597 3721 776 3797; x_wconf 89' lang='lat' dir='ltr'>invenies:</span> <span class='ocrx_word' id='word_1_187' title='bbox 797 3727 937 3796; x_wconf 90' lang='lat' dir='ltr'>Manum</span> <span class='ocrx_word' id='word_1_188' title='bbox 959 3724 1002 3795; x_wconf 92' lang='lat' dir='ltr'>ad</span> <span class='ocrx_word' id='word_1_189' title='bbox 1029 3724 1225 3798; x_wconf 90' lang='lat' dir='ltr'>interiorem</span> <span class='ocrx_word' id='word_1_190' title='bbox 1248 3745 1378 3819; x_wconf 91' lang='lat' dir='ltr'>partem</span> 
     </span>
     <span class='ocr_line' id='line_1_27' title="bbox 415 3833 1378 3932; baseline -0.004 -23"><span class='ocrx_word' id='word_1_191' title='bbox 415 3838 550 3925; x_wconf 89' lang='lat' dir='ltr'>mittes,</span> <span class='ocrx_word' id='word_1_192' title='bbox 575 3837 644 3907; x_wconf 90' lang='lat' dir='ltr'>&amp;a</span> <span class='ocrx_word' id='word_1_193' title='bbox 661 3833 796 3907; x_wconf 90' lang='lat' dir='ltr'>cervice</span> <span class='ocrx_word' id='word_1_194' title='bbox 812 3834 931 3907; x_wconf 84' lang='lat' dir='ltr'>vesicae</span> <span class='ocrx_word' id='word_1_195' title='bbox 945 3833 1004 3906; x_wconf 92' lang='lat' dir='ltr'>sub</span> <span class='ocrx_word' id='word_1_196' title='bbox 1021 3833 1094 3932; x_wconf 92' lang='lat' dir='ltr'>ipso</span> <span class='ocrx_word' id='word_1_197' title='bbox 1115 3860 1182 3908; x_wconf 91' lang='lat' dir='ltr'>ano</span> <span class='ocrx_word' id='word_1_198' title='bbox 1197 3836 1237 3906; x_wconf 94' lang='lat' dir='ltr'>ad</span> <span class='ocrx_word' id='word_1_199' title='bbox 1251 3835 1378 3929; x_wconf 61' lang='lat' dir='ltr'>hipposs</span> 
     </span>
     <span class='ocr_line' id='line_1_28' title="bbox 417 3940 1380 4038; baseline 0.001 -21"><span class='ocrx_word' id='word_1_200' title='bbox 417 3965 614 4017; x_wconf 88' lang='lat' dir='ltr'>centaurum</span> <span class='ocrx_word' id='word_1_201' title='bbox 637 3940 752 4028; x_wconf 85' lang='lat' dir='ltr'>versus</span> <span class='ocrx_word' id='word_1_202' title='bbox 765 3941 913 4038; x_wconf 87' lang='lat' dir='ltr'>palpabis</span> <span class='ocrx_word' id='word_1_203' title='bbox 926 3941 1061 4037; x_wconf 86' lang='lat' dir='ltr'>digitis,</span> <span class='ocrx_word' id='word_1_204' title='bbox 1080 3946 1118 4020; x_wconf 79' lang='grc' dir='ltr'>δι</span> <span class='ocrx_word' id='word_1_205' title='bbox 1143 3942 1309 4017; x_wconf 89' lang='lat' dir='ltr'>calculum</span> <span class='ocrx_word' id='word_1_206' title='bbox 1327 3941 1380 4019; x_wconf 79' lang='lat' dir='ltr'>ibi</span> 
     </span>
     <span class='ocr_line' id='line_1_29' title="bbox 417 4051 1378 4146; baseline -0.002 -19"><span class='ocrx_word' id='word_1_207' title='bbox 417 4054 583 4127; x_wconf 87' lang='lat' dir='ltr'>invenies.</span> <span class='ocrx_word' id='word_1_208' title='bbox 603 4053 711 4146; x_wconf 85' lang='lat' dir='ltr'>Quod</span> <span class='ocrx_word' id='word_1_209' title='bbox 734 4051 856 4125; x_wconf 85' lang='lat' dir='ltr'>vitium</span> <span class='ocrx_word' id='word_1_210' title='bbox 876 4052 1013 4128; x_wconf 85' lang='lat' dir='ltr'>difficile</span> <span class='ocrx_word' id='word_1_211' title='bbox 1035 4073 1180 4129; x_wconf 89' lang='lat' dir='ltr'>curatur.</span> <span class='ocrx_word' id='word_1_212' title='bbox 1205 4056 1292 4127; x_wconf 91' lang='lat' dir='ltr'>Nam</span> <span class='ocrx_word' id='word_1_213' title='bbox 1320 4054 1378 4125; x_wconf 92' lang='lat' dir='ltr'>in·</span> 
     </span>
     <span class='ocr_line' id='line_1_30' title="bbox 417 4161 1378 4261; baseline 0 -25"><span class='ocrx_word' id='word_1_214' title='bbox 417 4161 550 4236; x_wconf 89' lang='lat' dir='ltr'>terdum</span> <span class='ocrx_word' id='word_1_215' title='bbox 569 4161 677 4235; x_wconf 91' lang='lat' dir='ltr'>nimio</span> <span class='ocrx_word' id='word_1_216' title='bbox 696 4162 875 4235; x_wconf 90' lang='lat' dir='ltr'>conamine</span> <span class='ocrx_word' id='word_1_217' title='bbox 895 4188 1004 4260; x_wconf 91' lang='lat' dir='ltr'>prope</span> <span class='ocrx_word' id='word_1_218' title='bbox 1021 4162 1124 4261; x_wconf 90' lang='lat' dir='ltr'>ipsum</span> <span class='ocrx_word' id='word_1_219' title='bbox 1142 4190 1244 4237; x_wconf 91' lang='lat' dir='ltr'>anum</span> <span class='ocrx_word' id='word_1_220' title='bbox 1265 4162 1378 4236; x_wconf 82' lang='lat' dir='ltr'>vefica</span> 
     </span>
     <span class='ocr_line' id='line_1_31' title="bbox 419 4269 1377 4368; baseline 0.002 -26"><span class='ocrx_word' id='word_1_221' title='bbox 419 4269 655 4362; x_wconf 80' lang='lat' dir='ltr'>disrumpitur,</span> <span class='ocrx_word' id='word_1_222' title='bbox 670 4271 708 4344; x_wconf 69' lang='grc' dir='ltr'>ὃ(</span> <span class='ocrx_word' id='word_1_223' title='bbox 725 4270 846 4343; x_wconf 91' lang='lat' dir='ltr'>lotium</span> <span class='ocrx_word' id='word_1_224' title='bbox 872 4296 932 4368; x_wconf 92' lang='lat' dir='ltr'>per</span> <span class='ocrx_word' id='word_1_225' title='bbox 946 4298 1049 4346; x_wconf 90' lang='lat' dir='ltr'>anum</span> <span class='ocrx_word' id='word_1_226' title='bbox 1070 4272 1213 4363; x_wconf 89' lang='lat' dir='ltr'>emittit,</span> <span class='ocrx_word' id='word_1_227' title='bbox 1227 4275 1265 4347; x_wconf 80' lang='grc' dir='ltr'>δι</span> <span class='ocrx_word' id='word_1_228' title='bbox 1283 4271 1377 4365; x_wconf 87' lang='lat' dir='ltr'>quast</span> 
     </span>
    </p>
   </div>
   <div class='ocr_carea' id='block_1_3' title="bbox 419 4380 1379 4587">
    <p class='ocr_par' dir='ltr' id='par_1_4' title="bbox 419 4380 1379 4587">
     <span class='ocr_line' id='line_1_32' title="bbox 419 4380 1379 4481; baseline 0.004 -28"><span class='ocrx_word' id='word_1_229' title='bbox 419 4407 514 4481; x_wconf 83' lang='lat' dir='ltr'>aquae</span> <span class='ocrx_word' id='word_1_230' title='bbox 535 4380 735 4455; x_wconf 75' lang='lat' dir='ltr'>assimilatur.</span> <span class='ocrx_word' id='word_1_231' title='bbox 757 4383 911 4481; x_wconf 82' lang='lat' dir='ltr'>Ideoque¹</span> <span class='ocrx_word' id='word_1_232' title='bbox 930 4382 1033 4462; x_wconf 85' lang='lat' dir='ltr'>miffis</span> <span class='ocrx_word' id='word_1_233' title='bbox 1056 4383 1170 4481; x_wconf 79' lang='lat' dir='ltr'>digitis</span> <span class='ocrx_word' id='word_1_234' title='bbox 1198 4408 1257 4481; x_wconf 89' lang='lat' dir='ltr'>per</span> <span class='ocrx_word' id='word_1_235' title='bbox 1282 4380 1379 4472; x_wconf 54' lang='lat' dir='ltr'>fora}</span> 
     </span>
     <span class='ocr_line' id='line_1_33' title="bbox 492 4490 1226 4587; baseline 0 -26"><span class='ocrx_word' id='word_1_236' title='bbox 492 4494 896 4587; x_wconf 81' lang='lat' dir='ltr'>Scrr‘ptt.R.R.Vol.III.</span> <span class='ocrx_word' id='word_1_237' title='bbox 1204 4490 1226 4561; x_wconf 88' lang='lat' dir='ltr'>S</span> 
     </span>
    </p>
   </div>
   <div class='ocr_carea' id='block_1_4' title="bbox 0 0 1949 5759">
    <p class='ocr_par' dir='ltr' id='par_1_5' title="bbox 0 0 1949 5759">
     <span class='ocr_line' id='line_1_34' title="bbox 0 0 1949 5759; baseline 0 0"><span class='ocrx_word' id='word_1_238' title='bbox 0 0 1949 5759; x_wconf 95' lang='lat' dir='ltr'> </span> 
     </span>
    </p>
   </div>
  </div>
 </body>
</html>
