3875 5759
622 894 692 966 DE
717 896 976 969 INSTRUM.
1001 893 1175 967 FUNDI
1198 898 1290 971 ΗΒ.
1359 927 1429 1001 473

480 1055 628 1133 Carmin.
650 1083 691 1131 2t
707 1062 814 1130 Dulce
830 1064 951 1153 pellitis
968 1064 1083 1131 ovibut
1097 1060 1206 1159 Galest
1212 1065 1346 1161 flumen.
1368 1067 1436 1144 Pus

483 1186 667 1244 cumtres
687 1168 744 1238 vel
766 1187 1157 1265 recuutrom1m‚quae
1170 1168 1274 1244 servis
1287 1192 1344 1245 aut
1357 1172 1436 1247 filiis
1578 1193 1580 1197 ·

481 1275 620 1348 familias
636 1274 758 1347 suntin
779 1277 933 1370 peculi03
947 1276 1031 1350 stem
1045 1269 1311 1372 Peculiaresserui
1322 1284 1358 1355 δι
1372 1310 1435 1353 are·

443 1386 445 1392 ’
482 1392 576 1467 cille,
593 1410 667 1481 quae
686 1386 957 1482 adolescentulos¹
969 1403 1026 1458 aut
1041 1385 1167 1481 puellas
1179 1385 1384 1462 sedabantur
1397 1394 1437 1467 &

482 1490 663 1580 curabant3
686 1494 828 1588 proprio
843 1491 903 1564 fibi
918 1488 1112 1565 ministerio.
1134 1493 1433 1572 Plaut.¹Astnaria=
1494 1535 1502 1551 ·

481 1606 592 1696 Etiam
612 1606 730 1696 opilio,
752 1605 807 1696 qui
821 1604 956 1699 moscin
976 1629 1089 1689 mater,
1104 1606 1226 1676 alienat
1244 1634 1340 1696 oves,
1359 1611 1438 1681 Ali·

483 1737 576 1801 quam
600 1713 688 1781 habel
701 1714 910 1804 peculiarem,
932 1716 986 1804 qui
998 1713 1089 1803 spem
1102 1712 1224 1803 sttletm
1232 1715 1343 1806 suam.
1366 1716 1439 1786 Ca·

483 1820 606 1915 ptivis:
621 1824 792 1894 Parvolum
805 1826 991 1914 peculiarem
999 1820 1130 1912 parvolo
1141 1846 1235 1912 puero
1252 1825 1348 1895 dedit.
1360 1821 1439 1893 Pet·

483 1930 535 2002 sa:
555 1924 790 2025 Sophoclidisca
805 1934 866 2001 ltaec
882 1930 1051 2021 peculiaris
1067 1929 1107 2028 est
1121 1927 1208 2016 ejus,
1221 1957 1283 2023 quo.
1295 1959 1347 2026 ego
1360 1935 1440 2025 mis·

480 2041 536 2132 sus
545 2043 631 2135 stem.
651 2036 910 2134 Praetereaagni
927 2035 1086 2109 dicuntur
1112 2057 1254 2128 cotem,
1277 2040 1440 2129 serotini,

485 2171 523 2221 ut
540 2148 598 2243 qui
618 2147 690 2242 post
711 2169 739 2220 x
761 2146 839 2225 Kal.
854 2145 991 2243 Augusti
1005 2145 1203 2236 naseuntur,
1218 2149 1274 2223 vel
1294 2150 1351 2247 qui
1366 2150 1441 2245 post

484 2274 614 2349 tempus
634 2253 836 2350 gignuntur,
854 2262 894 2327 a'c
917 2252 1148 2327 remanserunt
1168 2255 1203 2327 in
1227 2257 1346 2331 volvis
1369 2257 1442 2331 five

484 2362 686 2434 membranis
703 2360 875 2449 involuti,
894 2388 971 2458 quae
985 2364 1097 2436 Greci
1111 2384 1238 2439 vocant
1254 2383 1368 2465 χορίον,
1380 2394 1442 2441 au·

487 2472 579 2543 &ore
597 2472 777 2559 Varrone,
792 2471 872 2545 ficut
901 2477 1035 2545 Cordum
1055 2475 1183 2563 foerrum
1207 2476 1442 2566 aussumnale,

488 2582 581 2678 quod
592 2583 771 2656 artetumno
785 2582 937 2672 secatur,
951 2585 990 2656 &
1011 2589 1104 2655 corda
1110 2585 1289 2676 frumenta,
1304 2602 1380 2680 quae
1393 2585 1442 2657 se·
1540 2592 1543 2597 '

486 2716 529 2763 ro
556 2693 808 2766 maturescunt:
834 2700 904 2763 olus
935 2696 1060 2763 cordum
1086 2692 1175 2786 apud
1202 2692 1441 2769 Columellam.

488 2802 677 2887 Derdam,
691 2798 751 2894 qui
768 2824 787 2872 a
806 2817 958 2871 materno
981 2796 1062 2871 lade
1075 2797 1300 2892 depelluntur.
1324 2798 1443 2897 Virgi-

489 2911 553 2984 lius
567 2938 576 2983 :
598 2911 739 3003 depulsos
757 2913 908 2981 matribus
922 2913 1036 2981 ltaedos.
1059 2911 1239 2981 SUBRUMI
1251 2961 1262 2997 ‚
1276 2908 1445 2984 lafltntes.

490 3021 578 3091 Nam
600 3020 714 3106 Rumit
735 3017 803 3092 five
816 3022 936 3091 Rumie
949 3017 997 3090 est
1008 3042 1160 3089 mamma.
1179 3021 1286 3089 Varro
1307 3018 1348 3088 de
1360 3016 1443 3089 tibe-

489 3128 536 3202 ris
553 3126 733 3221 educandis
746 3152 755 3199 t
771 3130 918 3199 Rumiuae
923 3153 1051 3222 propter
1063 3155 1183 3199 rumam
1194 3179 1206 3216 ‚
1224 3130 1261 3197 il
1270 3130 1328 3229 est,
1337 3129 1443 3220 prisco

490 3242 639 3311 uocabulo
658 3267 857 3312 mammam:
880 3269 902 3311 a
922 3268 983 3334 quo
1005 3241 1149 3333 subruenti
1169 3242 1262 3309 etiam
1281 3265 1364 3308 nune
1389 3241 1444 3309 di·

492 3375 602 3438 tumtur
618 3354 705 3445 agni.
726 3352 876 3423 MUSTEI
897 3372 1014 3422 recens
1033 3346 1183 3421 ableetati
1205 3347 1242 3419 δι
1268 3344 1301 3416 in
1322 3345 1444 3440 pascua

492 3458 594 3529 dueti.
609 3459 696 3529 Cato
710 3456 746 3529 in
756 3454 912 3529 oratione
925 3460 963 3524 dr
975 3481 1060 3549 agna
1073 3457 1184 3554 mustea
1197 3454 1366 3545 pascenda.
1378 3459 1445 3526 Sus

492 3566 614 3639 culinae
630 3562 757 3635 rusticae
769 3560 957 3636 uberrimos
977 3567 1152 3656 apparatus
1170 3560 1315 3655 praebet,
1327 3563 1364 3635 δι
1384 3580 1446 3660 gai

494 3698 566 3746 neae
591 3669 785 3765 exquisitam
812 3669 1007 3759 materiam,
1031 3693 1130 3765 quam
1157 3668 1329 3742 Censoriae
1356 3671 1444 3768 leges

494 3780 582 3875 saepe
604 3794 827 3849 coercuerunt
836 3813 852 3863 ,·
871 3775 1183 3874 interdixeruntque
1205 3775 1312 3850 coenis
1337 3777 1444 3849 abdo·

495 3880 610 3978 mina,
626 3886 764 3977 vulvaS,
779 3888 816 3960 δι
830 3884 893 3958 alia
914 3884 1000 3983 gulae
1016 3884 1334 3960 irritamenta-Nam
1359 3883 1445 3981 sapi·

497 3998 621 4076 diffima
632 3995 785 4067 omnium
797 3995 961 4090 pecudum
977 3991 1153 4067 adimatur
1167 3992 1274 4091 vulgi>
1287 3991 1380 4065 suilla
1393 4017 1445 4066 ca·

497 4133 562 4194 ro,
578 4126 614 4178 ut
637 4108 681 4178 ait
706 4104 840 4177 Plautus
863 4102 899 4175 in
921 4102 1055 4192 Milite,
1075 4103 1221 4197 'occisam
1239 4105 1322 4197 sepe
1335 4104 1446 4196 strpere
1541 4198 1545 4204 Ι

495 4222 570 4309 plus
590 4221 687 4286 multo
690 4218 779 4307 suem
791 4266 802 4299 ,
815 4240 882 4286 eum
900 4219 1114 4287 manducaret.
1128 4214 1212 4287 Haec
1226 4212 1283 4285 ubi
1298 4213 1470 4312 peperit‚.·-

498 4344 603 4411 emm
615 4322 754 4400 dicitutt
767 4323 825 4398 ubi
837 4347 974 4399 omnem
982 4322 1105 4399 foetum
1119 4322 1164 4398 ad
1172 4338 1351 4420 utrumque
1360 4320 1447 4395 latus
