3875 5759
610 888 743 961 ARTIS
767 886 982 961 VETERIN.
1007 883 1105 957 SIVE
1130 886 1317 960 MULOM.
1367 909 1436 985 301
1508 893 1511 898 ’
1583 883 1597 930 ⁸

481 1053 521 1127 δι
537 1074 642 1123 unum
664 1049 895 1124 cochlearium
919 1073 1077 1147 magnum
1098 1074 1140 1123 ex
1156 1074 1241 1146 aqua
1256 1050 1370 1140 dabis,
1384 1052 1442 1126 vel

482 1161 508 1231 fi
531 1159 641 1232 cibum
654 1183 727 1232 non
748 1159 891 1255 accipit,
904 1183 946 1229 ex
962 1157 1064 1231 succo
1084 1157 1227 1254 ptisanae.
1243 1159 1443 1238 obscuro&

482 1268 629 1367 frigido,
654 1273 692 1344 δι
709 1270 837 1343 laxiore
849 1270 930 1343 loco
950 1270 1092 1362 statues,
1106 1272 1342 1371 filentiumque
1358 1298 1443 1367 prae·

483 1378 602 1470 bebis,
621 1402 656 1451 ιιι
673 1381 828 1455 dormiat.
841 1380 935 1477 prius
951 1399 1062 1454 tamen
1076 1381 1156 1454 oleo
1171 1385 1210 1455 ac'
1223 1383 1298 1480 pice
1316 1382 1443 1478 liquida

482 1507 586 1583 caput
598 1513 774 1588 perunges,
786 1490 946 1588 auresque
958 1490 1163 1587 complebis,
1173 1510 1327 1587 tempora
1341 1489 1442 1562 etiam

481 1596 612 1668 munies
627 1598 826 1671 cerebellare
839 1600 895 1674 vel
914 1599 1041 1687 fasciis,
1054 1619 1202 1697 myrram
1216 1624 1356 1697 quoque
1370 1597 1440 1671 ari·

482 1704 558 1777 dam
579 1726 755 1798 conteres,
768 1711 808 1783 &
829 1729 927 1785 aceto
941 1711 1090 1804 oleoque
1109 1706 1260 1780 miscebis
1274 1760 1285 1796 ,
1298 1697 1440 1803 corpus·
1503 1743 1506 1750 ·

481 1836 548 1908 que
566 1811 638 1907 ejus
660 1835 770 1891 totum
796 1818 974 1890 diutissime
997 1815 1210 1888 confricabis.
1222 1816 1341 1887 Solent
1353 1841 1442 1890 con·

481 1920 596 2019 slringi
614 1927 652 1998 dc
670 1925 771 1997 obrui
796 1925 967 2009 stercore,
991 1940 1028 1993 ut
1047 1922 1172 1995 sudent
1196 1924 1234 1995 δι
1258 1922 1442 1998 dormiant.
1563 1971 1565 1976 -

483 2029 618 2119 Quibus
639 2033 664 2105 sr
687 2033 825 2104 somnus
846 2030 1003 2119 venerit,
1024 2029 1140 2103 afferet
1167 2029 1347 2104 sanitatem.
1371 2032 1443 2104 Ra·

482 2136 617 2210 biosum
640 2164 726 2213 vero
749 2138 935 2233 jumentum
957 2141 1071 2214 eadem
1098 2140 1235 2231 omnia,
1258 2144 1296 2215 δι
1313 2139 1442 2235 majora

485 2246 654 2339 ostendit,
672 2274 774 2346 quam
790 2249 953 2324 insanum.
966 2276 1042 2323 nam
1059 2252 1096 2324 &
1108 2250 1169 2323 alia
1180 2248 1335 2322 animalia
1345 2273 1443 2322 com·

484 2353 573 2447 edit,
592 2358 630 2431 δι
651 2356 732 2431 facit
752 2357 827 2454 ipsa¹
843 2359 1048 2459 contagione
1077 2359 1219 2434 rabiosa.
1242 2359 1441 2457 Plerumque
1562 2461 1564 2466 Ι

485 2463 584 2538 etiam
597 2467 761 2540 morsibus
775 2467 928 2541 intestina
943 2472 1000 2543 sua
1016 2469 1216 2557 extrahunt,
1230 2470 1268 2541 δι
1282 2467 1443 2540 hinniunt

482 2574 626 2653 fortiter.
644 2582 735 2674 Quae
759 2581 921 2656 valetudo
945 2606 990 2652 ex
1013 2581 1117 2652 nimia
1142 2566 1309 2675 sanguinis
1333 2579 1443 2649 abun-

482 2686 595 2761 dantia
614 2690 784 2762 &ardore
802 2688 984 2784 contingit.
999 2688 1146 2758 Curatur
1160 2703 1270 2756 autem
1282 2684 1443 2759 observa·

483 2794 579 2867 tione
603 2798 643 2869 &
666 2797 809 2891 potione
827 2795 978 2889 superius
1002 2792 1189 2866 declaratis.
1531 2876 1534 2884 Ι

530 2902 620 2973 Xlll.
640 2901 818 2998 Chirurgia
834 2901 1042 2998 appellatur,
1062 2900 1293 2997 quodcunque
1317 2898 1443 2974 secatur

484 2998 855 3100 ferr0‚''ve1·cauteriis
873 3011 993 3085 uritur.
1016 3037 1094 3109 quae
1118 3037 1195 3085 cum
1221 3010 1259 3084 frt
1284 3010 1445 3086 omnibus

483 3118 642 3193 membris
661 3119 876 3210 animalium
893 3118 1060 3217 precipue
1073 3138 1184 3193 tamen
1197 3120 1314 3217 capitis
1328 3118 1445 3196 neces·
1523 3109 1527 3118 ’

484 3227 568 3302 saria
592 3229 638 3304 est
661 3229 837 3318 medicina.
863 3232 1110 3330 Quodcunque
1135 3231 1235 3330 igitur
1256 3232 1446 3328 jumentum

484 3336 521 3411 in
539 3340 686 3436 qualibet
705 3357 798 3437 parte
812 3338 951 3437 fregerit
968 3360 1070 3439 caput
1083 3342 1142 3417 vel
1156 3342 1335 3415 nudaverit
1349 3342 1446 3432 casu,

486 3449 633 3524 sollicite
652 3453 855 3539 curandum,
871 3475 913 3522 ne
933 3450 1122 3550 indignatio
1143 3452 1295 3528 vulneris
1312 3452 1347 3525 in
1367 3478 1448 3527 ner·

486 3581 554 3629 vos
579 3560 821 3656 cerebrumque
849 3562 1058 3655 penetrando
1086 3562 1273 3658 periculum
1303 3578 1451 3661 generet.

488 3691 554 3739 nec
575 3664 610 3738 in
631 3667 745 3763 primo
763 3666 1017 3741 medicamentis
1038 3670 1088 3742 uti
1105 3672 1293 3745 acrioribus
1314 3696 1449 3745 conve·
1516 3711 1520 3718 ·

487 3776 561 3867 nit,
582 3775 637 3849 sed
655 3778 760 3876 magis
782 3777 882 3851 melle
905 3803 1031 3853 curare.
1060 3804 1137 3854 cum
1158 3781 1199 3854 ad
1223 3780 1450 3853 maturitatem
1561 3779 1565 3784 ’

486 3885 646 3960 venerint
664 3886 741 3979 illa,
761 3912 838 3986 quae
866 3887 969 3963 frasta
995 3888 1152 3979 fuerant,
1176 3889 1246 3963 offa
1271 3886 1449 3968 laxantur,

488 4015 581 4070 centa
596 3995 770 4089 sollerter,
787 4002 825 4073 δι
843 3998 965 4074 mobili
981 4023 1085 4073 manu
1105 3999 1163 4073 vel
1184 3995 1358 4072 forficibus
1375 3992 1450 4069 exi·

489 4107 587 4180 mito.
605 4107 748 4207 Reliqua
772 4107 957 4208 fragmenta
971 4108 1069 4198 ossas,
1083 4135 1160 4207 quae
1181 4108 1328 4205 asperata
1348 4104 1450 4196 sunt,

489 4214 698 4289 ferramentis
718 4217 841 4294 caedito
860 4237 961 4319 atque
985 4217 1180 4316 perradito,
1195 4234 1234 4289 ut
1246 4238 1379 4289 carnem
1400 4211 1449 4286 fa·

491 4322 589 4401 'cilius
607 4324 780 4405 inducant.
796 4354 973 4433 nunquam
1000 4327 1091 4408 enim
1109 4324 1275 4404 clauditur
1298 4322 1448 4415 vulnus,
