3875 5759
376 922 1345 1014 '·-26PALLAD11RUT1L1·1

465 1104 472 1126 ⁸
486 1094 673 1185 durabunt,
684 1096 708 1168 fi
721 1096 824 1171 stratis
838 1099 933 1193 super
946 1097 1049 1195 paleis
1063 1099 1117 1173 vel
1130 1098 1218 1173 filice
1232 1100 1359 1173 humor
1373 1102 1445 1174 cal-

485 1201 533 1274 cis
554 1200 716 1297 nusquam
734 1203 777 1273 ad
798 1203 936 1276 tabulati
960 1228 1085 1310 corpus
1105 1206 1253 1277 accedat.
1267 1209 1368 1284 Tunc
1390 1209 1443 1279 su·

484 1312 775 1412 perstatuminabis
789 1313 911 1400 rudus,
931 1313 966 1386 id
985 1313 1054 1403 est,
1070 1312 1144 1387 saxa
1159 1316 1297 1389 contusa
1314 1318 1442 1393 duabus
1507 1350 1510 1355 ·

484 1419 686 1516 partibus&
706 1449 771 1494 una
796 1421 897 1495 calcia
919 1441 1123 1517 temperante
1144 1424 1337 1501 constitues.
1363 1430 1445 1503 Hoc

484 1557 563 1606 cum
581 1533 631 1605 ad'
642 1532 697 1604 sex
714 1532 899 1632 digitorum
915 1534 1165 1608 'crassitudinem
1187 1533 1322 1623 seceris,
1339 1540 1375 1611 δι
1389 1564 1445 1610 re-

485 1642 561 1737 gula
584 1640 818 1736 exploraretis
842 1642 1000 1737 aequale,
1024 1644 1047 1715 si
1073 1642 1149 1718 loca
1168 1643 1321 1716 hiemalia
1344 1645 1443 1735 sunt,
1501 1686 1504 1693 2

370 1778 374 1791 *
483 1750 551 1821 tale
580 1752 814 1847 pavimentum
838 1751 983 1824 debebit
1003 1751 1205 1850 imponere,
1228 1752 1263 1823 in
1289 1777 1360 1849 quo
1385 1755 1443 1829 vel

483 1860 584 1933 nudis
607 1862 747 1956 pedibus
762 1862 883 1934 slantes
895 1861 1037 1935 ministri
1059 1863 1167 1935 bieme
1184 1885 1254 1935 non
1270 1862 1447 1963 rigescant.

483 1970 624 2041 Induslo
637 1970 750 2067 itaque
764 1971 881 2042 rudere
897 1969 952 2041 vel
960 1968 1108 2064 testaceo
1121 1971 1339 2066 pavimento,
1354 1997 1445 2045 con-

484 2079 594 2176 gestos
613 2080 811 2154 &calcatos
830 2078 924 2174 spille
944 2081 1107 2151 carbones
1126 2104 1204 2152 cum
1228 2078 1443 2164 sabulone&
1482 2067 1485 2072 ’

483 2189 600 2262 favilla
615 2194 652 2265 dt
667 2192 757 2264 calce
776 2188 1010 2286 permiscebis,
1025 2191 1062 2264 δι
1077 2188 1174 2279 buius
1186 2190 1341 2284 impensae
1356 2190 1445 2264 cras·

483 2296 662 2374 situdinent
676 2298 731 2369 sex
743 2300 851 2395 unciis
863 2299 993 2389 jubebis
1007 2299 1139 2393 imponi
1153 2326 1162 2369 ι
1176 2299 1269 2393 quod
1287 2290 1455 2396 exaequai

483 2428 555 2479 tum
571 2407 664 2505 nigra
685 2409 879 2506 pavimenta
891 2407 1069 2499 formabit,
1084 2408 1122 2481 δι
1140 2407 1241 2502 siqua
1261 2408 1443 2480 fundentur

484 2542 527 2591 ex
546 2518 693 2612 poculis,
711 2518 877 2591 velociter
898 2538 989 2612 rapta
1010 2517 1155 2611 desuget.
1176 2518 1239 2590 Sed
1252 2517 1289 2602 lsi
1318 2518 1444 2590 aestivae

482 2629 673 2703 mansiones
702 2628 799 2715 sunt,
821 2630 1001 2702 Orientem
1026 2626 1229 2699 solstitialem
1258 2629 1295 2700 δι
1317 2649 1444 2720 partem

481 2737 736 2834 Septentrionis
750 2739 933 2833 aspiciant,
947 2738 986 2812 δι
1001 2736 1057 2809 vel
1074 2735 1248 2809 testaceum
1265 2734 1283 2834 (
1292 2736 1373 2807 sicut
1387 2736 1442 2808 su-

336 2909 342 2916 .
480 2871 540 2943 pta
557 2846 728 2945 diximus)
743 2847 909 2943 accipiant
922 2846 1173 2942 pavimentum,
1188 2843 1243 2915 vel
1258 2856 1445 2932 marmora,
1499 2845 1501 2849 ⁴

482 2957 541 3028 vel
559 2956 713 3043 tesseras,
729 2976 789 3027 aut
809 2956 979 3042 scutulas,
999 2955 1120 3050 quibus
1139 2954 1265 3049 aequale
1284 2952 1446 3025 reddatur

480 3063 612 3160 angulis
625 3062 847 3158 lateribusque
862 3059 1061 3157 conjunslis.
1079 3063 1112 3133 Si
1128 3063 1200 3133 haec
1217 3063 1375 3149 deerunt,
1388 3059 1442 3132 su·

482 3201 543 3273 pra
563 3199 710 3246 marmor
734 3161 844 3245 tusuin
865 3192 1043 3264 cernatur,
1056 3193 1112 3247 aut
1132 3185 1231 3247 arena
1250 3201 1326 3250 cum
1349 3173 1444 3247 calce

483 3286 615 3360 indusla
637 3285 816 3383 levigetur.

493 3463 495 3471 .
536 3400 583 3472 X.
605 3400 770 3472 Praeterea
797 3395 947 3469 scireest
969 3396 1182 3471 necessatium
1207 3395 1442 3485 construenti,

482 3530 558 3603 quae
571 3505 670 3580 calcis
684 3507 722 3580 δι
732 3531 840 3579 arenae
854 3527 969 3579 natura
980 3507 1020 3579 sit
1030 3506 1129 3579 ntilis.
1138 3508 1264 3579 Arenae
1278 3531 1360 3603 ergo
1374 3505 1443 3578 sos-

482 3617 570 3691 ficiat
591 3641 712 3715 genera
730 3617 807 3689 sunt
821 3618 906 3707 tria,
922 3619 1041 3716 nigra,
1056 3643 1159 3706 cana,
1174 3616 1247 3689 rufa
1260 3644 1270 3691 ε
1284 3618 1442 3709 omniunt

481 3729 660 3827 praecipue
676 3728 750 3802 rufa
770 3729 893 3802 melior
906 3745 926 3802 ε’
939 3728 1049 3806 meriti
1071 3728 1239 3827 sequentis
1265 3730 1312 3801 est
1333 3754 1443 3802 canat

481 3839 617 3926 tertium
638 3839 754 3911 locum
770 3839 863 3934 nigra
881 3839 1033 3934 poffidet.
1052 3842 1104 3910 Ex
1121 3838 1162 3909 iis
1176 3862 1252 3933 quae
1266 3834 1441 3931 compres-

481 3948 629 4022 samanu
645 3948 714 4021 edit
731 3948 908 4035 stridores,
923 3948 987 4020 erit
1003 3947 1095 4021 utilis
1113 3945 1299 4019 fabricanti.
1317 3947 1398 4015 ltem
1415 3944 1441 4016 fi

483 4072 597 4155 panno
617 4057 675 4132 vel
697 4058 803 4130 linteo
822 4059 972 4132 candida
985 4058 1085 4144 vellis
1099 4054 1291 4154 inspersa&
1304 4053 1440 4125 excussa

483 4170 567 4244 nihil
586 4170 726 4243 maculae
742 4170 916 4269 reliquerit
931 4188 989 4242 aut
1006 4167 1132 4254 sordis,
1151 4167 1284 4266 egregia
1297 4164 1353 4238 est.
1373 4163 1440 4236 Sed

482 4280 645 4354 fifoffilis
672 4305 772 4354 arena
794 4306 866 4354 non
888 4280 1020 4369 buerit,
1045 4280 1087 4351 de
1108 4278 1302 4350 fluminibus
1331 4273 1439 4374 [aut]

483 4388 613 4487 glarea,
626 4411 682 4469 aut
702 4392 804 4470 litore
824 4389 1015 4493 colligetui.
1038 4389 1167 4476 Mariua
1190 4411 1291 4464 arena
1310 4384 1441 4471 tardius
