3875 5759
503 931 579 1027 ‘484
684 924 1302 1018 ausoutrortrn

466 1177 473 1197 ἢ
503 1092 623 1191 piunt,
646 1073 878 1161 unde'vinum
908 1083 1064 1160 faecatutn
1087 1083 1294 1181 exprimitur
1305 1139 1330 1184 ,Ι
1344 1104 1389 1161 ut
1414 1089 1479 1165 Ca·¹

503 1221 544 1277 to
570 1200 671 1272 docet
687 1223 772 1290 ¹¹54·
795 1198 920 1270 unca
950 1191 1310 1291 musrartn‚quibus
1332 1196 1478 1272 mustum

501 1311 697 1412 progeritur
710 1309 745 1381 in
766 1308 879 1398 labra,
892 1307 1063 1406 hodieque
1076 1306 1219 1380 mustum
1235 1305 1390 1383 bibitur.
1408 1315 1476 1384 Ua·

363 1487 365 1492 .
501 1421 1041 1498 uasntaraamurrtoaa:
1064 1433 1250 1510 saturata
1277 1419 1326 1490 ad
1357 1419 1475 1493 vinum

391 1549 399 1568 ·
500 1525 756 1607 diffundendum
781 1526 817 1599 in
833 1527 1036 1623 dolia,qu2
1055 1526 1175 1623 picatae
1194 1545 1374 1599 nontam
1398 1527 1474 1602 faci·

367 1716 370 1722 ,
499 1643 557 1728 le,
572 1662 675 1737 quant
690 1634 826 1723 fictiles,
840 1634 1049 1735 frtngun'tur.
1068 1636 1269 1708 Contrua:
1291 1634 1379 1711 sunt
1403 1637 1473 1713 vasa

499 1774 593 1825 tenea
617 1748 751 1845 patula,
776 1741 912 1819 defruto
941 1744 1092 1842 sapaeque
1112 1747 1312 1841 coquendae
1337 1775 1473 1824 accon·

498 1858 650 1947 mndata,
661 1858 698 1931 δι
714 1860 881 1946 Coninak,
896 1856 994 1930 loeus
1005 1854 1064 1928 ubi
1074 1851 1127 1927 fit:
1139 1853 1218 1928 licet
1231 1861 1382 1944 Carcine
1394 1885 1472 1958 quo·

496 1993 564 2067 que
582 1966 647 2039 fiat
668 1965 746 2038 rasa
767 1961 951 2039 rindorum'
971 1966 1009 2039 dt
1034 1962 1264 2054 infestorum,
1283 1966 1323 2039 in
1354 1970 1471 2066 quibus

496 2097 653 2178 coquunt
671 2101 864 2173 pannorum
891 2075 1070 2173 pigmenta.
1095 2076 1412 2154 Toucvtanwnt
1439 2083 1470 2157 dt

498 2205 711 2262 roncum
737 2184 889 2257 machina
916 2182 963 2255 est
992 2183 1071 2255 uvis
1099 2184 1301 2279 premendis
1334 2212 1381 2261 ac
1405 2207 1470 2263 tor·

495 2294 638 2394 quendis
658 2308 734 2387 apta
749 2316 759 2361 ε
777 2290 836 2364 etsi
850 2292 1057 2389 quandoque
1077 2288 1244 2389 significat
1268 2291 1397 2368 locum
1421 2295 1469 2369 rel

494 2397 698 2487 aedificium,
718 2395 777 2467 ubi
798 2395 967 2471 vindemia
995 2395 1180 2492 perficitur.
1203 2396 1326 2491 Hujus
1356 2402 1469 2477 descri-

493 2511 569 2609 ptio
590 2505 694 2580 exstat
716 2505 805 2601 apud
831 2506 1022 2594 Catonern,
1036 2530 1113 2602 qua
1136 2504 1227 2578 varii
1255 2512 1402 2605 generis
1424 2513 1469 2586 in·

494 2623 674 2695 strumenta
703 2616 829 2706 habet,
851 2616 1020 2706 trac‘loria,
1039 2615 1203 2706 sunnia,
1227 2617 1391 2717 prefforia
1405 2676 1419 2715 ,
1435 2624 1469 2697 de

493 2731 617 2832 quibus
641 2727 826 2828 fingulatim
850 2727 1010 2801 dicemus.
1024 2728 1186 2800 PRELUM
1201 2729 1253 2800 est
1275 2732 1398 2824 trabs,
1411 2760 1467 2834 qut

493 2866 563 2913 uva
583 2838 709 2911 calcata
729 2835 913 2933 premitur:
931 2835 1026 2933 quod
1047 2835 1137 2907 Cato
1155 2835 1196 2907 de
1217 2840 1380 2935 carpino
1406 2847 1466 2917 atra

492 2948 702 3047 potiffimum
729 2945 925 3019 faciundum
948 2944 1104 3041 praecipit
1128 2944 1176 3050 ub
1200 2947 1378 3025 duritiem
1404 2952 1466 3044 eius

492 3055 644 3141 arboris,
659 3079 701 3124 ex
723 3079 789 3150 qua
806 3055 910 3125 boum
923 3053 1000 3151 juga
1014 3055 1098 3126 olim
1113 3052 1403 3154 fabricabantur,
1416 3063 1464 3136 Vr·

490 3161 610 3251 truvio
631 3160 732 3250 teste,
745 3164 783 3232 δι
797 3163 973 3232 manubria
993 3162 1122 3234 rusticis
1136 3160 1291 3257 fiebant,
1314 3190 1358 3243 ut
1372 3173 1463 3245 tradit

490 3270 578 3343 Plin.
602 3292 662 3365 19,
677 3273 710 3341 6.
725 3271 902 3339 L1NGULA
916 3270 962 3340 est
976 3271 1157 3379 noviffima
1169 3298 1248 3367 pars
1266 3280 1381 3372 preli,
1397 3305 1462 3378 que

489 3379 578 3452 inter
599 3378 680 3451 duas
703 3380 839 3451 arbores
861 3380 965 3452 rectas
989 3378 1143 3453 inseritur
1166 3380 1202 3452 in
1226 3388 1386 3462 modum
1407 3392 1461 3464 lin-

488 3514 573 3586 guae.
595 3486 836 3574 Finuaasunt
851 3487 942 3560 clavi
964 3489 1088 3586 lignei,
1106 3489 1163 3586 qui
1186 3512 1248 3585 per
1264 3496 1406 3571 tabulas
1426 3499 1459 3571 ti·

488 3620 600 3692 gnave
621 3594 850 3685 trajiciuntur,
864 3615 901 3667 ut
923 3621 959 3668 ea
983 3596 1237 3694 constringant:
1265 3606 1306 3677 &
1324 3627 1459 3680 coten-

487 3722 599 3779 BULAE
613 3703 684 3776 sunt
705 3723 864 3798 tanquam
879 3705 1029 3802 duplices
1042 3704 1175 3796 fibula,
1189 3732 1295 3803 quae,
1309 3713 1339 3786 fi
1354 3741 1458 3813 quan·

487 3813 535 3884 do
554 3815 673 3907 'partes
708 3812 931 3901 dishiascent‚
955 3818 995 3886 ad
1020 3815 1326 3911 constringendum
1357 3830 1457 3899 utrin-

485 3946 553 4018 que
583 3920 795 3993 adhibentur.
817 3924 1009 3994 namna
1034 3923 1110 3995 sunt
1128 3926 1245 3998 annuli
1271 3930 1380 4006 ferrei
1406 3960 1456 4009 ca·

484 4026 585 4112 vati,
611 4027 788 4123 inquibus
815 4031 983 4101 vertibula
1016 4031 1200 4106 versantur.
1229 4036 1456 4116 suaseonis

484 4136 562 4209 sunt
584 4138 713 4209 tabellae
729 4140 868 4235 ligneae,
882 4140 1002 4237 quibus
1023 4140 1172 4214 immissis
1194 4144 1322 4223 afferes
1337 4174 1400 4226 aut
1417 4156 1458 4227 ti·

434 4257 445 4276 ⁸
484 4272 550 4339 gna
570 4246 829 4343 compiguntur:
852 4247 897 4319 stc
923 4246 1017 4318 didiae
1043 4276 1060 4322 a
1086 4251 1336 4350 succudendo,
1365 4263 1456 4360 quod

359 4431 361 4436 ,
483 4354 581 4431 locus
591 4409 605 4450 ,
616 4356 672 4434 cui
688 4356 1221 4459 inseruntur‚·cudend01calpris
1237 4389 1455 4463 excavatur,
