3875 5759
603 905 734 977 ARTIS
761 898 976 974 VETERIN.
994 898 1099 972 'SIVE
1126 899 1311 976 MULOM.
1365 916 1434 1001 '435

481 1069 520 1141 &
540 1067 599 1139 uni
622 1092 712 1164 equo
726 1064 841 1160 jejuno
859 1084 935 1137 ante
949 1063 1059 1136 lucent
1081 1063 1158 1135 bina
1174 1088 1306 1137 cornua
1323 1088 1381 1161 per
1399 1089 1441 1139 os

476 1179 593 1269 dabis,
607 1180 717 1251 donec
732 1201 867 1250 onmem
885 1175 998 1247 ebibat
1011 1173 1200 1271 potionem.
1214 1176 1341 1249 Curam
1355 1199 1442 1275 quo·
1544 1167 1557 1194 ⁸
1579 1219 1582 1224 ·

480 1312 548 1383 que
566 1312 637 1359 non
661 1311 777 1384 patum
799 1281 963 1380 profuisse
979 1280 1208 1376 experimenta
1230 1283 1443 1374 docuerunt,

481 1399 547 1471 hac¹
564 1398 693 1472 tatione
707 1396 946 1493 compositam:
962 1394 1057 1466 Fabae
1071 1391 1168 1466 frixae
1183 1393 1361 1468 sextarium
1374 1394 1443 1470 sine

482 1508 548 1581 sale
567 1510 759 1605 decoques,
776 1507 938 1604 addesque
951 1503 1018 1601 sepi
1032 1504 1155 1578 hircini
1174 1505 1312 1582 resoluti
1326 1506 1443 1581 uncias

482 1632 573 1701 tres,
597 1613 715 1711 butyri
741 1612 856 1686 uncias
876 1613 1046 1709 quinque:
1070 1609 1106 1682 in
1128 1612 1294 1684 mortario
1313 1614 1443 1690 deteres

482 1722 648 1796 universa.
663 1726 822 1798 Praeterea
838 1721 924 1797 foeni
938 1720 1052 1796 Graeci
1068 1719 1244 1794 sextarium
1265 1724 1350 1796 bene
1363 1750 1444 1821 put·

481 1852 593 1928 garum
617 1830 750 1904 fervere
763 1829 887 1920 facies,
904 1828 1112 1923 primamque
1131 1849 1250 1920 aquam
1271 1827 1359 1901 inter
1376 1829 1444 1906 ini·

481 1941 526 2012 tia
542 1940 689 2014 fervoris
700 1941 874 2026 effundes,
889 1934 1054 2031 addesque
1066 1958 1161 2031 aquae
1172 1931 1334 2009 sextarios
1345 1939 1445 2034 quin·

480 2076 568 2147 que,
582 2051 809 2147 pinguissimas
828 2046 954 2119 caricas
973 2042 1116 2144 viginti,
1142 2043 1365 2141 &liquiritiae
1380 2073 1445 2120 un·

481 2160 550 2229 cias
563 2180 731 2252 quatuor,
748 2154 872 2252 pariter
893 2156 1081 2251 decoquas,
1095 2154 1207 2229 donec
1222 2181 1307 2253 aqua
1322 2161 1363 2232 ad
1377 2179 1445 2235 tres

480 2268 639 2339 sextarios
654 2268 832 2365 redigatur.
848 2286 930 2339 tunc
944 2265 980 2339 in
994 2264 1157 2338 mortario
1170 2267 1292 2340 deteris
1310 2267 1444 2354 foenum

482 2382 665 2470 Graecum,
687 2379 885 2476 liquiritiant
917 2381 957 2453 &
979 2381 1130 2470 caricas,
1154 2380 1334 2480 miscesque
1365 2411 1443 2459 curn

480 2488 583 2578 saba,
611 2489 823 2585 superfundis
850 2490 951 2563 etiam
981 2489 1144 2579 calidam,
1167 2492 1202 2561 in
1228 2516 1293 2586 qua
1322 2496 1464 2570 carica·

480 2623 560 2669 curn
583 2599 702 2671 ceteris
723 2601 829 2673 costae
856 2598 956 2668 suntr
982 2598 1309 2694 contemperatisque
1327 2603 1445 2674 omni·

480 2708 565 2794 bus,
581 2706 604 2778 st
619 2707 732 2803 liquot
751 2706 881 2801 spissior
893 2703 995 2775 suerit
1008 2756 1020 2791 ,
1035 2722 1164 2775 tantum
1177 2707 1256 2801 paffi
1270 2708 1391 2803 addes,
1405 2730 1445 2787 ut

481 2842 541 2912 pet
556 2840 665 2889 cornu
685 2814 783 2887 facile
803 2813 903 2908 poffit
915 2812 1020 2884 exire.
1038 2812 1156 2886 diebus
1177 2815 1328 2910 piurimis
1341 2844 1383 2893 ex
1398 2846 1443 2897 eo

481 2947 542 3018 pet
562 2945 603 2994 os
623 2911 770 3016 singulos
791 2919 954 2994 sextarios
976 2919 1185 2993 tussientibus
1209 2923 1325 2999 dabis,

530 3036 576 3109 Χ
594 3033 741 3123 Cossus,
762 3057 921 3121 vermes,
941 3033 997 3107 vel
1018 3032 1146 3123 tineas,
1169 3055 1346 3134 ceteraque
1370 3040 1443 3116 ani·
1550 3131 1553 3140 Ι

482 3149 582 3222 maiia
590 3147 719 3221 ventris
733 3147 936 3243 exstinguit,
949 3147 973 3218 sr
985 3145 1154 3219 heminam
1165 3147 1307 3240 cineris,
1316 3175 1359 3236 ex
1376 3153 1443 3227 oli·

482 3283 539 3330 vae
558 3258 653 3355 ligno
670 3257 768 3330 arido
792 3256 948 3347 colledi,
962 3283 1041 3332 cum
1066 3255 1202 3329 hemina
1227 3257 1296 3331 olei
1323 3260 1443 3336 viridis

482 3367 714 3463 pertriduum
735 3367 830 3438 dabis
851 3367 893 3438 ad
915 3391 1037 3439 cornu.
1063 3365 1140 3438 Alia
1161 3390 1299 3463 quoque
1320 3369 1463 3446 conse·¹

483 3478 575 3561 dio,
595 3476 650 3548 sed
670 3502 745 3571 quae
765 3474 851 3568 saepe
870 3472 1079 3545 mortiferam
1100 3472 1222 3558 liberat
1236 3471 1444 3569 pasfionemt

483 3584 639 3657 Pulveris
661 3583 851 3669 santonici,
868 3581 1015 3677 itemque
1030 3576 1183 3654 absinthii
1197 3584 1354 3674 Pontici,
1371 3587 1442 3660 bec
1483 3603 1486 3608 '

484 3716 557 3765 non
575 3690 683 3784 lupini
698 3690 812 3784 crudi,
826 3692 863 3763 δι
879 3689 992 3772 herbae
1004 3713 1212 3780 centaureae,
1225 3696 1262 3766 δι
1275 3696 1349 3767 ervi
1364 3696 1444 3792 poi·

484 3799 586 3889 linis,
610 3800 649 3873 δι
670 3797 802 3871 seminis
820 3798 960 3894 raphani
985 3796 1080 3870 binas
1103 3799 1218 3874 uncias
1238 3801 1365 3891 mittis,
1380 3806 1442 3880 ad.

467 3920 472 3928 ’
484 3913 598 4011 disque
612 3937 723 3985 cornu
738 3911 867 3985 cervini
882 3910 1039 4000 unciam,
1053 3909 1214 4008 sinopidis
1234 3913 1367 3988 Pontici
1380 3941 1443 4014 pa·

486 4025 591 4098 stillos
611 4044 701 4113 tres,
709 4024 918 4120 opopanacis
936 4024 1177 4118 semiunciam,
1198 4025 1271 4099 vini
1292 4025 1443 4106 tenanni

486 4136 543 4207 vel
559 4137 693 4209 asterius
707 4137 827 4211 austeri
845 4138 1010 4212 sextarios
1025 4138 1122 4222 duos,
1136 4137 1206 4222 piei
1226 4137 1345 4214 viridis
1367 4139 1443 4216 sex·
1516 4133 1520 4140 ¹

486 4243 628 4332 tarium,
649 4270 724 4341 quae
742 4246 901 4343 tepefacta
918 4249 965 4322 ita
982 4244 1119 4321 animali
1134 4243 1309 4352 defirndis,
1323 4263 1366 4322 nt¹
1381 4245 1442 4344 per
1511 4345 1514 4352 ¹
1543 4233 1550 4252 ’

486 4376 527 4425 os
547 4377 655 4426 cornu
668 4355 833 4454 accipiat,
846 4357 883 4432 in
902 4358 998 4436 clivo
1013 4355 1259 4446 constiturum,
1275 4377 1442 4458 quatenus
1532 4421 1537 4426 .
1576 4375 1581 4388 ·

1026 4514 1031 4523 ·
1143 4467 1251 4542 Eez
1359 4509 1364 4522 .
1468 4461 1477 4476 ’
