3875 5759
473 899 547 993 '230
627 863 1283 1014 iuuax‘⁴eia1r,uu

478 1054 530 1123 ΠΙ.
549 1053 593 1116 De
606 1072 726 1115 numero
744 1055 771 1116 ἀ
786 1051 924 1129 qualitate
939 1074 1101 1119 nervorum.

479 1148 528 1211 IV.
546 1149 589 1211 De
608 1146 745 1225 qualitate
761 1139 905 1211 veharum.
1188 1150 1191 1156 '

478 1242 513 1303 V.
529 1242 572 1304 De
589 1240 702 1302 indiciis
723 1244 750 1301 ἃ
768 1251 850 1300 aetate
869 1259 1019 1317 equorum.

378 1341 380 1346 '
478 1330 528 1393 VI.
545 1329 698 1405 mugnis,
715 1328 819 1405 quibus
834 1327 997 1407 agnoscitur
1013 1330 1125 1412 patria¹>

478 1422 541 1485 vll.
553 1422 596 1484 De
607 1421 782 1499 temporibus
794 1424 865 1484 ritae.
1251 1462 1252 1466 =

479 1514 555 1576 VIII.
577 1512 657 1574 Potio
675 1512 711 1572 ad
732 1513 918 1577 reficiendum
935 1518 1086 1594 jumenta,
1103 1520 1130 1580 si
1149 1519 1293 1599 diapente.

479 1607 533 1676 IX.
553 1607 596 1668 ld
611 1605 706 1667 tussim
726 1609 753 1669 ἃ
771 1606 890 1672 vulsos.-

479 1699 520 1769 X.
542 1701 585 1763 td
603 1695 710 1776 collos,
727 1721 836 1771 vermes
855 1701 900 1763 vel
917 1702 1017 1767 tineas.
1110 1711 1113 1716 “

480 1794 535 1864 XI.
554 1795 709 1859 Adversum
727 1784 824 1858 omnia
843 1816 947 1876 genera
964 1795 1141 1868 morborum.

479 1890 548 1957 XII,
566 1883 716 1954 Confectio
731 1891 958 1954 suffimentotum
975 1889 1112 1956 salutaris.

481 1984 565 2053 XIII.
588 1984 739 2047 Consesiio
759 1983 886 2064 pulveris
905 1981 1087 2064 quadrigarii.

481 2075 561 2140 XIV.
582 2075 759 2155 Compositio
780 2076 905 2139 caustici.

484 2166 550 2230 XV.
569 2166 744 2245 Compositio
760 2168 918 2247 malagma.

482 2261 564 2324 XVI.
580 2262 755 2340 Compositio
773 2264 883 2341 collyrii
899 2261 1040 2326 fistularis.

484 2351 580 2423 XVII.
598 2353 775 2432 Compositio
793 2354 942 2433 malagmae
955 2351 1061 2425 crudit.
1151 2377 1154 2382 ·
1172 2432 1175 2438 .

483 2446 594 2514 XVIII.
614 2449 788 2527 Compositio
801 2449 972 2531 syncrismae.

484 2540 572 2604 XIX.
593 2540 767 2621 Compofitio
784 2544 955 2607 traumatici.

485 2635 558 2698 XX.
577 2632 753 2715 Compositio
775 2635 924 2717 malagma
945 2635 1075 2706 basilica.
1133 2671 1136 2676 ·
1160 2687 1165 2698 .

359 2718 363 2805 J
486 2726 573 2790 XXI.
592 2727 655 2796 Alia
669 2731 837 2811 compositio
857 2729 1017 2810 malagma,

398 2835 400 2840 '
485 2820 584 2885 XXII.
609 2822 786 2903 Compositio
804 2827 899 2904 prima
916 2823 1135 2888 anacollimatis⁴

485 2915 600 2983 XXIII.
621 2917 797 2995 Compositio
816 2919 871 2980 alia
887 2918 1038 2997 malagmae
1055 2922 1159 2988 crudae.

487 3006 599 3069 XXIV.
620 3007 795 3084 Compofitio
811 3008 960 3087 malagma
976 3011 1014 3070 ad
1031 3009 1164 3085 uligines.

488 3096 590 3165 XXV.
612 3097 790 3176 Compositio
809 3099 958 3176 malagma
978 3100 1014 3160 ad
1032 3118 1144 3164 nervos,

487 3188 599 3252 XXVI.
620 3190 797 3267 Compositio
815 3185 989 3267 truuffmatici,

488 3280 614 3354 XXVII.
634 3281 809 3362 Compositio
825 3282 1019 3364 collyriorum.

488 3480 847 3585 SEQUUNTUR
881 3485 1445 3606 MED1CAMENTQRUM

672 3692 825 3788 aruum
846 3690 1044 3768 Quanam,
1062 3690 1112 3754 iu
1132 3683 1257 3757 FINEM

615 3866 1324 3985 Quamuiifflai

658 4055 662 4063 '
735 4035 737 4040 ’
809 3988 1111 4145 ruituri.

491 4225 678 4341 Cephalicum
694 4262 876 4343 emplastrum
893 4262 931 4324 ad
952 4261 1113 4331 claudenda
1133 4259 1259 4330 uulnera.

493 4352 741 4428 Medicamentum
757 4351 935 4424 consuetum,
1024 4402 1026 4409 .
