3875 5759
508 967 519 990 ,,
612 914 742 1020 tntis
769 916 1106 1009 numerumve
1133 921 1317 995 trucum
1380 881 1452 1023 2'99

491 1074 636 1148 habeant
661 1101 734 1149 non
762 1077 892 1170 minus,
913 1103 1012 1175 quam
1033 1079 1175 1177 fingulas
1202 1082 1384 1158 drachmas.
1412 1089 1451 1157 In
1510 1108 1523 1132 ·
1567 1115 1571 1120 ·

493 1185 582 1258 dieta
600 1211 705 1259 unum
727 1188 955 1261 trochiscbum
976 1190 1011 1260 in
1025 1216 1109 1287 aqua
1130 1190 1324 1266 dissolutum
1336 1219 1396 1288 per
1409 1218 1452 1267 os

491 1296 636 1393 dig'eres.¹
651 1299 745 1395 quod
758 1297 912 1394 quotidie
931 1318 1071 1395 oportet
1087 1298 1182 1384 fieri,
1196 1302 1307 1375 donec
1330 1303 1451 1380 sanitas

489 1410 613 1481 redeat.
633 1410 666 1480 si
685 1436 756 1481 non
776 1410 1054 1506 appetit'cibum,
1075 1412 1223 1509 smgulos
1236 1412 1451 1485 trochischos

488 1515 620 1590 solutos
639 1546 715 1594 cum
731 1520 832 1598 succo
848 1521 987 1617 ptisanae
1007 1522 1163 1620 quotidie
1188 1523 1362 1618 praebebis.
1386 1522 1453 1593 Vi·

491 1652 572 1700 num
592 1655 764 1728 nunquam
779 1631 884 1705 dabis.
902 1626 1031 1731 Capitis
1046 1634 1135 1706 enim
1157 1633 1318 1706 valetudo
1340 1632 1453 1707 sumto
1543 1627 1547 1638 '

489 1764 584 1810 mero
608 1742 755 1817 deterior
772 1742 931 1816 efficitur.

536 1852 582 1924 X.
595 1853 630 1925 Si
646 1856 740 1951 quod
760 1854 949 1949 jumentum
971 1852 1146 1947 appiosum
1168 1852 1291 1940 fuerit,
1311 1853 1345 1922 in
1362 1870 1453 1948 praei

490 1960 582 2057 sepio
603 1962 789 2049 incumbit,
803 1962 926 2033 oculos
944 1962 1059 2036 tensos
1073 1961 1226 2047 habebit,
1243 1958 1378 2032 micabit
1389 1987 1457 2031 au·-

488 2070 625 2159 riculis,
644 2072 736 2143 visus
759 2068 935 2165 caliginem
957 2069 1125 2167 patietur,
1145 2072 1182 2145 ὃ(
1203 2086 1306 2168 gyrat
1325 2068 1361 2139 in
1384 2068 1453 2142 cir-¹

490 2179 570 2250 culo
594 2200 753 2276 tanquam
774 2180 816 2251 ad
836 2180 955 2252 molas.

537 2290 598 2360 XI.
617 2293 724 2383 Quod
746 2293 768 2365 fi
788 2292 886 2365 etiam
907 2292 1007 2365 suerit
1030 2292 1215 2367 conversus
1237 2289 1273 2362 in
1298 2290 1451 2381 rabiem,
1533 2319 1537 2329 ·

488 2396 533 2470 fic
553 2399 737 2499 intelliges:
754 2402 874 2475 Subito
889 2402 1019 2474 hinniet
1033 2421 1190 2499 tanquam
1205 2402 1302 2476 sanus
1312 2456 1323 2490 ,
1339 2425 1451 2496 parem
1557 2404 1560 2409 ’

486 2506 583 2581 suum
603 2512 730 2609 appetit
748 2512 890 2603 morsu,
913 2515 969 2585 vel
985 2514 1159 2585 hominem
1171 2567 1182 2601 ,
1196 2510 1377 2607 praesepia,
1392 2526 1452 2582 aut

485 2615 542 2689 ilia
555 2617 615 2689 fibi
634 2618 828 2691 mordicans
849 2618 941 2690 rodit
955 2646 963 2689 :
976 2642 1076 2713 quem
1098 2618 1183 2688 sicut
1198 2614 1371 2711 appiosum
1388 2639 1450 2685 cu·

485 2728 583 2799 rabis.
605 2728 743 2799 Prorsus
760 2727 943 2797 abstinebis
956 2726 998 2797 ab
1010 2726 1161 2814 horden,
1176 2723 1338 2797 mollibus
1359 2722 1452 2795 ciba·

485 2834 545 2905 riis
574 2819 779 2906 sustentabis,
804 2833 979 2927 Praecipue
1004 2853 1116 2904 tamen
1142 2830 1255 2928 apium
1278 2829 1450 2920 viridem,

485 2958 650 3035 quantum
670 2939 838 3031 voluerit,
851 2941 1027 3037 praebebis.
1043 2940 1245 3037 Sanguinem
1260 2938 1301 3010 de
1313 2958 1450 3035 tempo·

485 3048 580 3121 ribus
600 3066 657 3121 aut
678 3048 718 3119 de
741 3050 874 3123 cervice
896 3048 1052 3139 emittes,
1075 3048 1158 3121 loco
1179 3047 1362 3122 tenebroso
1384 3048 1451 3120 sta·

465 3243 467 3247 y
484 3178 558 3231 tues
569 3213 581 3248 ,
593 3182 693 3253 caput
705 3158 812 3231 eidem
827 3159 1019 3256 hujusmodi
1038 3158 1138 3257 acopi
1156 3156 1371 3231 confedione
1386 3181 1451 3231 cu·

416 3343 422 3363 ,Α
484 3270 573 3343 rabis
587 3296 596 3341 t
610 3270 831 3367 Opopanacis
845 3271 962 3344 libram
978 3297 1011 3359 1,
1025 3270 1158 3356 refinae,
1174 3269 1372 3342 terbentinae
1386 3293 1449 3343 ana
1566 3319 1567 3322 =

485 3380 600 3453 uncias
620 3410 662 3469 2,
675 3380 806 3477 galbani
825 3381 958 3453 unciam
980 3407 1011 3467 1,
1029 3379 1144 3452 resmae
1158 3376 1255 3449 frixae
1274 3378 1390 3448 uncias
1412 3404 1447 3473 3,
1475 3397 1478 3403 ·

483 3488 629 3561 masticis
649 3490 737 3560 tritae
764 3489 881 3559 uncias
904 3514 943 3576 2,
959 3489 1027 3559 olei
1051 3487 1176 3560 veteris
1201 3487 1320 3561 libram
1347 3512 1375 3559 r.
1402 3511 1445 3557 ex

482 3597 553 3670 hoc
572 3596 603 3667 ei
625 3597 800 3669 cerebrum
827 3599 864 3672 ὃ(
890 3597 1054 3669 auriculas
1075 3596 1305 3687 confricabis,
1328 3598 1443 3671 oleum

482 3727 603 3784 tamen¹
616 3702 727 3776 solum
745 3728 784 3778 ac
801 3703 968 3801 liquidum
992 3703 1028 3775 in
1055 3729 1147 3777 aures
1166 3704 1239 3797 ejus
1266 3705 1443 3778 suffimdes.

482 3814 580 3908 cuius
598 3829 710 3883 tamen
733 3811 827 3907 prius
850 3836 953 3908 quam
966 3834 1080 3908 acopo
1096 3810 1443 3900 utaris,saccellatio·

481 3924 583 3995 nibus
612 3935 713 4016 caput
736 3920 976 4013 cerebrumque
999 3942 1165 4016 vaporare
1189 3937 1222 3991 te
1248 3918 1441 4009 convenit,
1533 3961 1535 3966 -

482 4032 522 4100 dc
536 4045 637 4125 caput
661 4025 817 4122 appofito
839 4026 1009 4100 cerebello
1027 4028 1251 4099 communire.
1277 4025 1440 4099 Potiones

481 4158 621 4234 quoque
642 4162 685 4211 ex
703 4136 898 4211 trochischo
921 4136 1069 4233 superius
1083 4153 1273 4209 memorato
1285 4134 1441 4233 quotidie

484 4244 673 4341 praebebis,
689 4244 842 4344 collyrio
863 4247 933 4321 acri
956 4246 1091 4346 inungis
1105 4246 1254 4347 affidue,
1268 4260 1306 4315 ut
1328 4243 1439 4341 caligo

483 4378 528 4427 ex
542 4347 650 4431 oculis
668 4354 770 4452 poffit
791 4355 925 4432 auferri.
942 4338 1034 4452 Qusae
1057 4381 1137 4432 cura
1156 4354 1269 4427 sr-non
1283 4350 1439 4452 profece-
