3875 5759
497 872 567 975 34⁶
665 871 997 946 VEGETll
1044 871 1172 942 LlB.
1221 871 1289 960 Ill.

413 1045 416 1052 '
497 1032 633 1132 quoties
653 1049 837 1134 percorum
856 1055 982 1128 corpur
999 1029 1107 1104 bobus
1126 1028 1296 1104 tubercula
1308 1029 1471 1132 exeruit(

497 1144 653 1238 aperiunt
674 1142 727 1231 se,
743 1143 783 1214 dc
804 1142 894 1240 quasi
916 1141 1098 1230 sanantur,
1114 1144 1152 1214 δι
1177 1139 1298 1212 iterum
1320 1138 1356 1210 in
1378 1138 1454 1211 aliis

496 1253 583 1331 locis
601 1268 737 1326 exeunt.
755 1250 810 1322 Est
822 1254 860 1327 δι
873 1250 1165 1358 subtercutaneus·,
1180 1249 1314 1347 quoties
1328 1249 1453 1320 humor

497 1363 649 1461 pessimus
665 1359 700 1430 in
713 1358 852 1431 diversis
871 1359 1021 1455 partibus
1041 1361 1198 1456 corporis
1211 1361 1321 1433 bobus
1338 1384 1454 1432 erums

495 1477 546 1571 pit
559 1476 596 1548 δι
614 1471 842 1576 ἀεωπὶῑρβίὶ
855 1471 1091 1567 elephantiosis
1103 1525 1115 1559 ,
1129 1470 1264 1568 quoties
1276 1472 1368 1544 uelut
1381 1471 1455 1545 sear¹

494 1584 565 1658 bies
584 1583 724 1656 minutae
745 1581 917 1658 cicatrices
935 1599 1062 1655 exeunt
1073 1600 1168 1655 extra
1181 1584 1339 1671 corium,
1360 1584 1398 1657 δι
1412 1581 1457 1654 ad

492 1690 740 1764 similitudinem
754 1690 932 1768 lenticulae.
942 1690 998 1765 Esl
1010 1692 1139 1780 mania,
1154 1716 1230 1787 quae
1245 1689 1374 1763 refectis
1389 1691 1456 1763 bo·

492 1801 669 1898 buseripit
687 1801 838 1891 sensum,
852 1820 891 1875 ut
903 1826 966 1874 nec
982 1789 1117 1875 audiant
1132 1824 1228 1871 more
1247 1798 1373 1887 solito,
1387 1824 1457 1872 nec

471 1911 663 1987 ¹videant:
693 1903 736 1985 ex
766 1937 833 2008 qua
861 1910 1010 2008 paffione
1036 1910 1205 1985 celerrime
1230 1909 1456 2008 moriuntur,

495 2019 654 2118 quamvis
671 1981 796 2090 bilares
823 2017 1031 2116 pinguesque
1052 2009 1304 2091 videantur.'Hi
1331 2040 1456 2089 omnes

494 2126 608 2200 morbi
630 2127 835 2223 contagione
859 2126 935 2197 sunt
959 2123 1077 2221 pleni,
1095 2123 1178 2199 &fi
1204 2149 1305 2196 unum
1328 2122 1457 2197 animal

408 2221 419 2246 ⁸
494 2229 801 2327 apprehenderint,
824 2230 978 2303 celeriter
995 2232 1037 2320 ad
1057 2230 1174 2303 omnia
1195 2218 1389 2317 transeunt,
1414 2232 1457 2305 δε

494 2336 541 2413 src
565 2338 816 2428 interdumaut
839 2337 981 2435 integris
1011 2339 1191 2426 armentis,
1218 2355 1274 2410 aut
1296 2337 1458 2411 omnibus

494 2446 632 2520 domitis
650 2446 792 2520 afferunt
811 2445 977 2526 interitus.
997 2447 1097 2552 Upde
1118 2445 1216 2519 omni
1232 2446 1362 2534 sludio,
1376 2472 1455 2546 quaa

427 2557 429 2562 ’
494 2553 595 2627 semel
616 2574 739 2628 tentata
756 2554 906 2646 fuerunt,
920 2555 1116 2654 segreganda
1128 2556 1205 2628 sunt
1226 2556 1400 2649 animalia,
1415 2557 1456 2632 δε

494 2664 537 2737 ad
557 2663 690 2736 ealoca
707 2662 884 2751 mittenda,
898 2662 956 2736 ubi
977 2663 1108 2736 nullum
1135 2663 1259 2738 animal
1280 2662 1457 2758 pascatur,

495 2799 539 2848 ne
561 2773 769 2871 contagione
788 2773 844 2846 sua
860 2772 1024 2847 omnibus
1041 2771 1228 2869 periculum
1243 2790 1397 2868 generet,
1415 2774 1457 2849 δι

494 2885 698 2983 negligentia
722 2884 854 2958 domini
881 2883 994 2985 (ficut
1018 2884 1142 2959 soleta
1171 2883 1300 2982 stultis)
1327 2883 1471 2958 divium·

494 2995 679 3087 imputetur
692 2994 837 3067 offensae.
850 2994 1041 3069 Evincendi
1054 3013 1163 3068 tamen
1180 2994 1271 3084 suut,
1286 2997 1323 3068 δι
1334 2994 1457 3092 exqui-

493 3102 561 3173 fitis
581 3100 734 3173 remediis
748 3102 937 3197 expellendi
950 3104 1105 3198 quamvis
1122 3103 1316 3175 acerbislimi
1332 3104 1458 3185 morbi.
1475 3106 1479 3113 ’

493 3211 656 3286 Panacem
685 3209 904 3305 supplaffariis
928 3236 1116 3308 comparas.
1136 3213 1315 3313 Eryngion
1340 3234 1457 3289 autem

404 3411 407 3420 1
434 3351 439 3359 ’
494 3318 598 3390 herba
618 3317 757 3403 dicitur,
772 3320 898 3413 quaein
918 3318 1020 3392 litore
1039 3320 1184 3393 nascitur
1201 3347 1308 3418 prope
1330 3324 1457 3397 undam

493 3427 610 3518 matis,
630 3426 749 3500 florem
773 3429 875 3500 habet
888 3430 979 3525 quasi
996 3455 1134 3503 aureum
1157 3432 1213 3505 'vel
1234 3431 1457 3529 galbineum,

494 3538 578 3620 solia
597 3535 668 3629 ejus
693 3537 768 3609 suut
793 3537 884 3634 quasi
911 3537 994 3620 solia
1021 3539 1135 3616 cardui
1160 3540 1339 3621 filveslris·‚
1364 3542 1457 3617 inter

395 3657 400 3668 ’
494 3665 610 3717 arenas
633 3640 773 3714 litorum
796 3643 971 3741 largissime
995 3645 1183 3742 spargitur:
1208 3647 1264 3721 has
1289 3649 1459 3742 effodieS‚

495 3753 533 3825 δι
558 3750 593 3821 iu
623 3750 739 3822 umbra
764 3749 897 3826 siccatas
926 3753 1080 3828 servabis.
1107 3756 1265 3830 adversus
1292 3759 1457 3834 morbum

436 3849 439 3855 ¹
495 3877 563 3931 tam
581 3880 769 3953 equorum,
785 3882 886 3955 quam
902 3860 1025 3949 boum,
1040 3859 1220 3955 plurimum
1235 3853 1383 3959 prosunt.
1397 3867 1459 3939 Ex

497 3964 619 4062 quibus
649 3959 748 4061 potio
777 3970 998 4063 componitur
1022 3968 1104 4041 ista:
1128 3970 1262 4044 Radicis
1289 3972 1426 4065 panacis
1443 4026 1464 4065 ,.

495 4074 642 4172 itemque
660 4075 778 4152 radicis
795 4078 907 4152 herbae
923 4079 1059 4179 eryngii
1072 4102 1181 4156 ternas
1198 4081 1332 4170 uncias,
1348 4080 1457 4157 semi-

496 4185 549 4257 nis
565 4211 704 4284 quoque
722 4186 808 4263 foeni
826 4190 940 4264 uncias
964 4216 981 4286 3
1012 4190 1135 4286 pariter
1152 4193 1279 4266 deteres
1303 4190 1457 4288 diligen·

496 4309 568 4387 ter,
579 4295 735 4399 addisque
747 4294 862 4372 farinae
877 4296 1018 4375 tririceae
1031 4297 1211 4375 sextarium
1222 4352 1234 4394 ,
1246 4298 1293 4373 ita
1306 4321 1344 4373 ut
1356 4301 1458 4397 prius
