3875 5759
597 918 699 989 ura.
739 915 1299 1004 xtuuovrunru.
1367 939 1433 1020 »97

479 1073 529 1170 git
548 1077 629 1149 coeli
643 1077 758 1150 slatum
772 1076 951 1177 frigidum,
967 1078 1021 1151 sed
1032 1080 1070 1152 &
1082 1077 1230 1175 tepidum
1245 1084 1315 1151 non'
1335 1103 1434 1153 recu·

479 1182 527 1256 sat
540 1239 551 1272 ,
565 1186 590 1258 fi
605 1188 728 1262 humor
740 1188 929 1262 assenserit:
946 1188 1126 1275 deleslatur
1142 1187 1293 1263 clivis&
1314 1189 1432 1285 opacis

478 1296 696 1392 regionibus,
721 1289 760 1372 ac
785 1298 928 1372 maxime
948 1299 984 1370 in
1007 1296 1288 1395 Septentrionem
1317 1299 1431 1375 verbs.

476 1404 636 1480 Pallinari
654 1433 738 1507 ergo
759 1410 856 1483 locus
875 1409 1037 1499 debebit,
1063 1410 1121 1508 qui
1145 1409 1224 1483 huic
1250 1408 1433 1483 deslinatur

477 1513 630 1605 arbusto,
642 1517 816 1591 altitudine
832 1518 925 1615 pedis
939 1517 1041 1592 unius
1064 1519 1178 1608 semis,
1195 1517 1253 1593 vel
1267 1515 1431 1608 duorum,

476 1623 533 1695 vel
546 1641 659 1712 torus3
673 1645 730 1702 aut
739 1626 836 1701 sulcis
847 1628 883 1699 in
900 1627 1055 1704 ordinem
1069 1626 1253 1713 destinatis,
1269 1645 1325 1699 aut
1339 1646 1431 1704 certe

475 1732 591 1803 aratris
610 1733 737 1806 resolvi
751 1735 830 1808 hinc
850 1735 929 1807 inde
949 1734 1174 1808 findentibus:
1194 1733 1253 1830 qui
1273 1732 1355 1807 limo
1376 1729 1429 1812 sal
1536 1778 1540 1784 ,

476 1839 599 1930 tiatus,
618 1868 657 1916 ac
674 1842 881 1934 reduetus-in
904 1843 1107 1936 pulverem,
1133 1841 1356 1919 castanearum
1379 1843 1430 1917 se·
1569 1873 1583 1886 ··

473 1974 551 2024 men
571 1952 715 2048 accipiat
737 1978 809 2025 non
828 1950 968 2046 amplius
990 1951 1082 2046 pedis
1108 1952 1272 2026 dodrante
1297 1953 1428 2026 demer-

473 2052 556 2131 sum.
577 2059 772 2155 Unicuique
790 2058 906 2131 semini
926 2078 1066 2155 propter
1079 2069 1196 2134 notam
1211 2060 1358 2137 surculus
1370 2061 1429 2140 dc·

473 2168 531 2240 bet
547 2169 646 2266 affigi.
670 2170 740 2265 ipsa
756 2169 879 2244 semina
895 2169 1029 2268 fingulis
1045 2171 1135 2248 locis
1146 2173 1242 2246 fimul
1257 2191 1349 2246 terna
1370 2169 1429 2247 vel

414 2310 416 2314 ¹
473 2277 576 2374 quina
595 2301 785 2376 ponantur,
806 2283 844 2354 δι
859 2278 951 2367 inter
966 2282 999 2355 se
1013 2303 1159 2381 quatuor
1179 2283 1299 2381 pedum
1319 2283 1427 2379 spatio

472 2386 672 2481 separentur.
683 2388 817 2482 Quibus
832 2390 1008 2464 transferre
1021 2381 1203 2487 placuerit,
1214 2392 1318 2494 bimas
1332 2391 1427 2487 plan·
1532 2415 1534 2421 ·

472 2514 522 2568 tas
537 2496 715 2577 transferre
731 2498 912 2573 debebunt.
929 2503 1042 2573 Locus
1057 2520 1167 2573 tamen
1181 2501 1371 2572 dedusloria
1386 2497 1426 2570 li·

470 2604 589 2701 quoris
611 2607 778 2701 accipiat,
804 2632 847 2679 ne
864 2610 990 2681 humor
1013 2609 1157 2681 insidens
1185 2608 1270 2681 limo
1290 2622 1429 2704 germen·

470 2716 668 2814 exstinguat.
688 2718 758 2789 Cui
777 2716 910 2812 placet,
932 2715 1041 2811 potesl
1061 2716 1219 2787 castanea
1241 2714 1277 2788 in
1300 2738 1426 2810 propa·

471 2823 584 2919 ginem
604 2826 727 2895 ducere
739 2822 806 2893 ima
825 2820 997 2919 virgulta,
1017 2845 1093 2917 quae
1107 2820 1141 2894 in
1162 2820 1272 2894 radice
1286 2820 1427 2906 nascuue

472 2952 536 3005 rur.
560 2935 705 3006 Novum
726 2933 927 3032 castanetum
950 2931 1151 3009 circumfodi
1172 2932 1269 3008 debet
1291 2934 1426 3010 allidue.

471 3041 589 3120 Mense
601 3043 981 3141 Martio&Septembri,
991 3044 1235 3120 incrementum
1248 3044 1354 3139 majus
1368 3070 1426 3121 ac·

471 3153 593 3251 quirit,
609 3154 632 3226 sr
644 3152 876 3251 putationibus
887 3149 1076 3247 adjuvetur.
1088 3150 1242 3227 Castanea
1254 3152 1423 3244 inseritur,

469 3264 553 3340 licut
571 3265 725 3363 probavi
746 3262 838 3361 ipse,
852 3263 912 3337 sub
931 3264 1061 3340 cortice
1082 3263 1193 3338 mense
1213 3261 1340 3335 Martio
1364 3260 1423 3335 uel

470 3376 597 3473 Apn'li,
609 3394 722 3449 tamen
743 3399 864 3474 genere
880 3394 1029 3472 utroque
1049 3374 1235 3472 respondet.
1254 3370 1365 3445 Potest
1384 3374 1423 3448 δι
1521 3429 1526 3435 -

471 3486 647 3561 inoculari.
666 3484 822 3559 Inseritur
835 3485 871 3556 in
896 3481 946 3572 se,
961 3485 999 3556 &
1014 3483 1051 3555 in
1068 3483 1186 3569 salice,
1202 3482 1256 3555 sed
1270 3505 1312 3554 ex
1325 3479 1423 3554 salice
1469 3487 1472 3494 ’
1568 3507 1573 3517 ·

360 3588 365 3597 ’
408 3625 410 3629 ·
470 3594 595 3667 tardius
608 3589 869 3684 maturat,&sit
882 3590 1029 3687 asperior
1050 3590 1085 3673 in
1110 3591 1237 3690 sapore.
1254 3588 1423 3671 canam

469 3706 646 3780 servantur
665 3704 728 3777 vel
736 3705 773 3777 in
789 3702 936 3780 cratibus
948 3699 1132 3797 disposnae,
1146 3702 1203 3774 vel
1220 3701 1307 3773 intra
1326 3698 1422 3771 sabu·
1474 3782 1480 3789 Ι

468 3814 606 3898 lonem,
623 3837 667 3885 ne
686 3813 836 3887 invicem
850 3829 1027 3908 tangantur
1039 3809 1224 3895 ¹immersum
1240 3806 1297 3880 vel
1310 3806 1345 3878 in
1359 3829 1422 3879 va·
1545 3860 1548 3868 .

420 4000 424 4008 ,
470 3922 570 3995 sculis
585 3918 740 4018 fidilibus
761 3920 864 3994 novis
875 3918 1046 4005 conditae,
1062 3921 1101 3992 δι
1113 3921 1196 3994 loco
1209 3916 1349 3991 sicciore
1361 3916 1421 3986 de-

472 4031 587 4116 fossam
600 4028 804 4105 velinclusae
820 4027 945 4127 virgeis
963 4025 1007 4101 ex
1029 4026 1107 4125 sago
1128 4022 1370 4125 receptaculis,
1383 4024 1421 4097 &
1524 4039 1528 4048 '

471 4138 607 4225 lutatae,
620 4162 657 4211 ut
675 4136 837 4234 spiracula
849 4162 920 4211 non
934 4137 1121 4233 relinquam
1141 4136 1197 4211 vel
1211 4130 1307 4207 ordei
1319 4131 1423 4227 paleis

471 4235 692 4320 minutislimis
703 4245 854 4336 obrutae,
868 4247 924 4320 uel
937 4244 1071 4343 palullri
1086 4245 1165 4320 ulva
1177 4239 1328 4338 figuratis
1339 4239 1421 4313 den·

452 4351 613 4460 ,fioribus
625 4351 745 4452 sportis
760 4354 908 4431 reclusae.
926 4355 1005 4431 Hoc
1022 4352 1134 4429 mense
1152 4349 1239 4422 locis
1255 4345 1369 4423 calidis
1379 4371 1421 4423 ac
1456 4383 1461 4391 ·
1552 4391 1556 4396 ·

1152 4459 1232 4555 Ns
