3875 5759
587 838 590 845 ’
693 793 798 911 tta.
845 771 934 909 vti.
982 834 1058 909 tv
1081 831 1118 905 N
1141 793 1326 922 uva-5·
1395 843 1469 927 ης

407 1013 414 1021 ’
501 1001 655 1095 gerarum
679 999 747 1089 fit,
769 1017 806 1071 ut
825 995 921 1073 ve'lut
942 995 1068 1069 inverti
1087 990 1303 1074 infundibula,
1321 989 1472 1085 angustos

502 1130 564 1179 ore
592 1108 721 1180 fumum
745 1108 847 1203 polllt
870 1106 1035 1180 emittere.
1062 1121 1161 1200 atque
1189 1100 1236 1174 ita
1266 1099 1487 1200 cedentibue„

500 1220 639 1314 apibus,
651 1220 749 1293 nrella
763 1219 967 1292 recidentur.
981 1216 1033 1287 nd
1045 1213 1209 1287 examinis
1222 1209 1380 1307 pabulum
1393 1209 1463 1283 hoc
1594 1301 1597 1308 Ι

498 1343 657 1423 ternpore
674 1353 750 1425 pars
772 1326 933 1399 favorum
958 1324 1057 1395 debet
1079 1322 1197 1420 quinta
1218 1319 1352 1393 dimitti.
1385 1318 1463 1391 sane
1559 1358 1573 1378 a

499 1456 615 1530 putres
634 1464 673 1511 ac
688 1436 803 1509 vitiosi
824 1435 894 1508 favi
911 1437 952 1506 de
965 1431 1125 1512 alveariis
1143 1430 1345 1505 auferantur.
1358 1428 1462 1504 Nune

498 1545 599 1620 lnella
615 1544 838 1634 conficimus,
859 1542 1024 1643 congestis
1044 1542 1348 1617 immundiffinum
1368 1539 1462 1622 saba·¹

427 1710 433 1723 s
497 1679 578 1727 nunt
601 1656 712 1741 favis,
735 1681 774 1728 ac
803 1654 982 1751 diligenter
1007 1647 1177 1749 expreffis.
1203 1650 1258 1723 sod
1280 1669 1462 1744 antequam

416 1778 420 1786 '
476 1789 709 1858 premamus,
731 1783 842 1862 partes
865 1763 1024 1836 favorum
1042 1782 1244 1857 corruptas,
1264 1760 1322 1832 vel
1345 1758 1460 1853 pullos

494 1871 654 1947 babentes
675 1874 887 1948 recidemuse
906 1898 983 1962 nam
1006 1873 1098 1943 malo
1119 1870 1237 1966 sapore
1257 1868 1357 1939 mella
1377 1885 1461 1942 cor-2
1549 1935 1551 1940 .

493 2003 667 2081 rumpunt.
684 1986 754 2057 Mel
774 2006 892 2056 recens
910 1980 1024 2076 paucis
1046 1981 1163 2054 diebus
1175 1979 1301 2077 apertis*
1313 1976 1457 2051 vasculis

492 2093 683 2166 babendum
698 2094 744 2164 est
756 2147 766 2181 ,
780 2110 882 2186 atque
897 2091 932 2163 in
948 2090 1135 2165 summitate
1148 2090 1379 2190 purgandum,
1393 2089 1458 2160 do·¹
1504 2156 1511 2176 ,

492 2228 558 2276 nec
575 2202 774 2300 refrigerato
792 2202 906 2276 calore
927 2202 1027 2276 musti
1047 2227 1143 2275 more
1165 2201 1349 2275 deferveat.
1377 2200 1458 2276 No·'

491 2312 593 2385 bilius
608 2314 770 2404 melent,
790 2314 884 2411 quod
896 2335 974 2386 ante
993 2314 1239 2409 exprefflonem
1256 2311 1457 2400 secundant,¹

490 2420 588 2493 velut
608 2418 731 2516 sponte
751 2420 964 2518 profluxerit.
986 2423 1064 2495 Hoc
1084 2421 1184 2494 etiam
1207 2421 1320 2493 mense
1344 2445 1455 2495 cerant

489 2527 721 2619 conficimus,
741 2532 868 2627 quaein
888 2530 965 2603 vase
980 2554 1098 2617 aeneo,
1116 2529 1264 2601 ferventi
1277 2555 1361 2624 aqua
1379 2530 1454 2623 ple·

433 2628 435 2635 '
452 2702 455 2709 .
488 2660 559 2724 no,
573 2637 707 2709 minute
725 2638 870 2720 concisrs
890 2638 1049 2709 favorum
1065 2635 1238 2731 reliquiis,
1252 2636 1452 2726 mollietur,
1498 2699 1501 2704 .

487 2746 526 2816 &
548 2743 669 2814 deinde
689 2742 724 2814 in
738 2743 812 2813 aliis
828 2741 972 2813 vasculis
997 2741 1063 2809 stne
1084 2765 1169 2833 aqua
1183 2740 1332 2812 resoluta
1356 2743 1453 2839 dige-

440 2843 442 2846 ’
470 2841 582 2921 ¹retur
601 2850 637 2921 in
651 2848 790 2937 formas.
815 2850 917 2919 Nunc
935 2848 958 2917 st
974 2846 1085 2918 mense
1099 2848 1223 2920 ultimo
1248 2873 1342 2922 nova
1358 2868 1453 2951 egre-¹

400 3030 405 3039 ,
486 2955 629 3026 diuntur
647 2954 946 3045 examina,custos
960 2956 1026 3027 elle
1047 2955 1181 3027 debebit
1193 2975 1358 3043 attentus,
1370 2964 1451 3057 quia

485 3063 637 3137 novellae
655 3087 732 3158 apes
746 3063 947 3162 vagantibus
960 3063 1080 3134 animis
1093 3063 1294 3158 juventute,
1308 3069 1368 3142 nili
1381 3071 1451 3155 ser-

485 3189 634 3263 ventur,
649 3172 823 3271 effugiunt.
842 3174 1001 3246 exeuntia
1020 3173 1055 3246 in
1079 3175 1173 3247 aditu
1188 3177 1252 3249 suo.
1270 3202 1449 3257 morantur

481 3306 555 3353 uno
578 3300 637 3355 aut
651 3282 788 3355 duobus
802 3282 940 3372 diebus,
953 3306 1030 3377 quae
1044 3281 1152 3354 statim
1170 3284 1272 3357 novis
1291 3290 1449 3368 alveariis

482 3390 684 3486 excipienda
700 3389 788 3465 sunt.
810 3390 1017 3463 Observabit
1040 3411 1151 3463 autem
1169 3387 1285 3468 custos
1304 3397 1469 3476 affiduus-

482 3497 639 3596 usquein
652 3497 809 3570 odavam
826 3497 881 3568 vel
900 3522 1026 3569 nonam
1041 3500 1180 3590 horam,
1194 3502 1274 3597 quia
1287 3506 1361 3600 post
1373 3509 1447 3585 haec

477 3625 639 3701 -tenrpora
655 3632 726 3679 non
749 3604 847 3679 facile
864 3604 1053 3703 fugere-aut
1074 3611 1236 3709 emigrare
1251 3617 1447 3692 consueve-¹

481 3735 586 3805 runt,
609 3714 770 3811 quamvis
785 3716 907 3813 a'liquae
929 3716 1038 3788 statim
1052 3722 1091 3793 lle
1105 3724 1288 3813 procedere
1304 3729 1342 3800 &
1355 3730 1446 3804 abire

481 3851 553 3897 non
576 3825 742 3897 dubitent.
756 3824 856 3922 Signa
872 3825 993 3898 fututae
1009 3825 1096 3925 fugae
1111 3830 1183 3904 haec
1197 3831 1282 3905 sunt.
1295 3854 1371 3906 ante
1390 3837 1446 3909 hi·

482 3936 586 4008 duum
605 3933 664 4006 vel
686 3934 834 4031 triduum
850 3932 963 4008 'acrius
980 3939 1277 4016 tumultuantur&
1292 3967 1465 4017 murmu··

481 4065 566 4119 rant.
594 4035 690 4142 quod
709 4045 767 4116 ubi
789 4046 941 4141 appostta
966 4047 1159 4143 frequentet
1182 4076 1261 4122 aure
1287 4054 1446 4147 explora·¹

481 4170 538 4223 tor
558 4154 761 4247 agnoverit,
776 4153 958 4229 sollicitior
978 4155 1153 4230 adversum
1169 4158 1242 4231 haec
1260 4156 1322 4229 elle
1342 4160 1446 4235 debes

481 4258 542 4335 bit.
557 4262 675 4336 Solent
697 4264 770 4341 haec
791 4263 883 4368 ligna
896 4268 935 4341 δι
956 4291 1033 4359 cum
1047 4286 1245 4451 pugnassrae
1272 4267 1345 4343 sunt
1356 4322 1370 4365 ,
1390 4270 1451 4348 fa·⁴
1564 4275 1566 4280 ’

1177 4428 1203 4452 2
1228 4404 1245 4475 3
