3875 5759
583 854 657 947 tu
704 841 1086 922 nstituit
1135 833 1452 923 n-urr'ttt

584 1006 692 1103 pusin
711 1006 800 1077 ficco
815 1008 975 1101 &prope
990 1006 1103 1095 tenui,
1118 1027 1218 1102 atque
1234 1008 1382 1095 devexo,
1398 1012 1434 1083 δι
1448 999 1545 1081 sabis-¹

585 1114 660 1187 loso
682 1114 805 1186 melior
817 1115 970 1187 nascitur.
986 1115 1072 1187 Loci
1089 1115 1278 1211 proprietas
1299 1135 1480 1213 utrumque
1494 1116 1546 1188 se·

581 1249 664 1318 xmen
685 1224 720 1296 in
743 1224 881 1304 alterum
903 1244 1022 1299 mutat.
1044 1253 1121 1298 nam
1142 1250 1221 1320 rapa
1246 1226 1281 1296 in
1302 1227 1370 1299 alio
1391 1228 1464 1299 solo
1488 1247 1547 1323 pet

584 1334 759 1409 biennium
781 1334 848 1412 sata
868 1354 1041 1409 mutantur
1063 1336 1100 1407 in
1121 1358 1252 1444 napos3
1267 1337 1335 1409 alio
1353 1361 1463 1423 vero,
1486 1364 1547 1408 na·

583 1467 649 1539 pus
670 1442 782 1515 transit
802 1446 838 1516 in
861 1470 988 1541 rapum.
1003 1446 1182 1524 Subaslum
1201 1446 1308 1517 solum
1330 1445 1549 1521 stercoratum

585 1551 820 1650 versatumque
837 1556 1073 1654 conquirunt,
1096 1557 1190 1655 quod
1215 1559 1252 1629 δι
1277 1554 1354 1652 ipsis
1377 1558 1414 1629 δι
1430 1557 1549 1655 segeti·

584 1661 648 1734 bus
667 1663 934 1761 proderit‚'quae
949 1666 994 1738 ibi
1015 1691 1108 1739 anno
1128 1665 1249 1739 eodem
1269 1664 1432 1740 seruntur.
1450 1670 1549 1766 Juge·

584 1795 628 1844 ro
648 1797 808 1867 raporum
827 1792 974 1870 quatuor
991 1773 1122 1847 sextarii
1138 1773 1249 1869 „napi
1267 1791 1378 1845 autem
1398 1774 1549 1872 quinque

579 1876 766 1957 sufficiunt.
777 1883 811 1954 Si
830 1883 925 1979 spissa
939 1885 1035 1973 sunt,
1051 1883 1245 1956 intervelles
1260 1883 1390 1980 aliqua,
1405 1900 1441 1953 ut
1457 1904 1549 1956 cete-

581 2014 622 2078 ta
644 1994 860 2066 roborentur.
881 1999 931 2068 Ut
953 2016 1040 2067 vero
1057 1994 1321 2089 seminamajora
1339 1996 1549 2093 redigantur,

586 2120 681 2171 eruta
699 2127 798 2196 rapa,
815 2101 907 2173 foliis
928 2105 1087 2174 omnibus
1100 2103 1283 2200 purgabis,
1307 2105 1344 2175 δι
1362 2102 1404 2174 ad
1418 2103 1550 2177 'dimidii

585 2209 682 2305 digiti
699 2210 946 2280 craffitudinem
966 2212 1001 2282 in
1015 2212 1109 2283 caule
1124 2212 1284 2286 succides.
1304 2214 1404 2283 Tunc
1425 2210 1459 2282 in
1482 2211 1549 2282 sul-

586 2316 636 2391 cis
652 2318 828 2417 diligenter
845 2320 1010 2405 subaslis‚
1030 2322 1164 2393 oslonis
1185 2323 1296 2418 digitis
1317 2322 1461 2417 separata
1484 2322 1550 2394 ob-

586 2451 685 2519 rues,
698 2430 735 2500 &
750 2426 881 2521 injicies
904 2447 1048 2517 terram,
1067 2432 1104 2503 ὅ(
1120 2429 1274 2504 calcabis.
1292 2432 1467 2527 iramagna
1488 2458 1550 2505 na·

517 2621 519 2624 ,
586 2538 736 2615 scentur.
1021 2543 1025 2562 ¹
1347 2593 1376 2610 ,.

636 2654 691 2723 ΙΙΙ.
709 2652 787 2724 Hoc
803 2648 903 2723 etiam
920 2648 1032 2741 mense
1047 2647 1275 2746 emplastratio
1295 2650 1455 2724 celebrari
1470 2667 1552 2746 pot·

587 2760 656 2850 esl5
672 2760 756 2833 srcut
780 2780 859 2834 ante
878 2761 1128 2849 demonstravi,
1143 2762 1181 2833 &
1197 2761 1289 2856 pirus
1306 2761 1362 2833 vel
1377 2761 1483 2832 malus
1500 2761 1552 2832 lo·

587 2870 637 2945 cis
656 2870 803 2944 humidis
821 2896 913 2944 nunc
933 2869 1049 2960 insita,
1068 2895 1122 2943 me
1141 2870 1363 2966 explorante,
1385 2871 1552 2966 processit.

586 2980 668 3059 Hoc
684 2980 783 3051 etiam
804 2979 916 3053 mense
932 2980 966 3051 in
983 2981 1094 3075 pomis
1117 2981 1290 3062 serotinis,
1307 3006 1384 3077 quae
1400 2981 1553 3058 ubertate

587 3086 694 3159 nimia
714 3111 830 3161 ‘ramos
856 3106 1110 3180 oneraverunt,
1128 3089 1213 3161 sicut
1234 3088 1394 3184 praedixi,
1415 3089 1554 3178 interle-

587 3196 696 3293 genda
712 3195 790 3297 sunt
798 3196 848 3285 ,si
861 3223 928 3295 qua
948 3198 1073 3271 vitiosa
1088 3199 1268 3296 repereris,
1283 3220 1319 3271 ut
1334 3198 1466 3271 arboris
1480 3200 1555 3272 suc·

587 3329 668 3378 cum
689 3323 860 3379 vertamus
875 3306 916 3378 ad
934 3306 1117 3379 meliorum
1136 3306 1342 3394 nutrimenta
1358 3332 1553 3404 pomorum.
1574 3387 1575 3391 Ἰ

587 3416 692 3489 Nunc
706 3413 782 3503 citri
801 3413 921 3488 taleam
946 3415 1030 3490 loco
1050 3416 1203 3517 irriguo,
1214 3415 1345 3514 stigidis
1360 3418 1555 3514 regionibus

589 3551 643 3599 me
659 3523 817 3629 plantasse
830 3523 991 3619 memini,
1003 3528 1039 3599 δι
1053 3524 1259 3621 quotidianis
1273 3524 1428 3597 animasse
1443 3525 1554 3620 liquo·

589 3635 701 3725 ribus,
715 3662 791 3734 quae
809 3637 847 3708 &
868 3634 1036 3711 nascendo
1059 3637 1097 3708 δι
1117 3633 1289 3708 afferendo
1311 3656 1432 3708 votum
1448 3633 1556 3707 felici·

555 3819 557 3821 ,
588 3744 666 3821 tatis
678 3744 837 3845 aequavit.
850 3747 928 3821 Hoc
939 3735 1108 3842 tempore,
1121 3744 1208 3817 locis
1223 3743 1370 3819 humidis
1386 3744 1554 3857 inocplari

564 3852 692 3941 scus,
715 3851 876 3927 &inseri
900 3852 1015 3926 citrius
1041 3850 1171 3947 potest:
1195 3849 1307 3924 mense
1327 3850 1393 3946 jam
1419 3854 1555 3937 medio,

589 3959 845 4057 palmaeplanta
867 3959 1082 4033 circumfodi.
1106 3962 1208 4033 Nunc
1232 3960 1318 4033 locis
1337 3959 1556 4057 temperatis,

505 4095 507 4100 ⁴
591 4069 773 4168 amygdala
787 4093 916 4143 matura
928 4072 1005 4145 sunt
1023 4072 1065 4143 ad
1081 4069 1271 4167 legendum.
1335 4093 1338 4098 ’

531 4170 535 4178 ’
648 4183 714 4252 lV.
739 4181 820 4278 Hoc
843 4192 999 4280 tempore
1025 4179 1170 4252 maxime
1196 4178 1300 4251 tauris
1324 4179 1557 4251 submittendae

592 4284 670 4363 sunt
685 4315 824 4385 vaccae,
838 4289 916 4391 quia
930 4293 1046 4367 decem
1068 4292 1229 4373 mensium
1245 4307 1358 4389 partus
1373 4292 1421 4367 src'
1432 4292 1559 4389 poterit
