3875 5759
621 924 753 997 ARTlS
778 922 993 997 VETElllN.
1011 920 1115 992 ‘SIVE
1141 921 1328 994 MULOM.
1377 944 1449 1018 407

481 1085 746 1188 =trigintagsrpi
765 1085 886 1161 hircini
910 1086 1012 1159 libras
1035 1103 1101 1158 tres
1125 1086 1246 1181 pariter
1269 1084 1450 1173 admisces,
1468 1117 1484 1138 κ

492 1198 531 1270 &
554 1198 669 1271 omnia
686 1200 759 1271 tusa
778 1202 818 1272 dc
842 1198 985 1271 cribrata
1007 1221 1065 1294 per
1080 1221 1119 1270 os
1134 1197 1176 1269 ad
1195 1222 1304 1271 cornu
1319 1223 1376 1294 per
1390 1196 1451 1268 tri·

490 1306 595 1380 duum
615 1308 719 1381 dabis.
739 1309 911 1382 Nonnulli
931 1331 1016 1382 vero
1037 1308 1170 1386 duobus
1195 1308 1343 1380 sextariis
1366 1320 1452 1385 conl

442 1504 446 1510 .
490 1414 553 1486 diti
575 1415 658 1488 sabae
683 1415 779 1488 srixae
805 1416 971 1490 heminam
995 1436 1073 1489 ante
1100 1416 1247 1492 triduum
1278 1414 1451 1507 fundunt,
1507 1504 1509 1507 Α

490 1524 568 1620 post
595 1529 749 1600 deterunt
774 1528 974 1626 diligenter,
994 1532 1036 1603 dc
1057 1527 1193 1623 aequatis
1215 1528 1364 1622 partibus
1390 1550 1454 1622 per

489 1633 639 1707 triduum
660 1635 831 1733 degerunt.
851 1636 935 1708 Aliis
956 1636 1063 1731 placet
1083 1633 1198 1705 farinae
1219 1634 1363 1707 fabaceae
1379 1634 1453 1712 sexi

490 1741 613 1814 tarium
632 1769 740 1816 unum
762 1739 867 1817 tribus
886 1743 1035 1815 sextariis
1054 1741 1129 1813 vini
1150 1740 1273 1814 veteris
1293 1741 1453 1819 infunde-t

489 1875 547 1940 re,
563 1853 739 1951 additaque
760 1856 827 1926 olei
847 1855 970 1949 optimi
992 1852 1074 1922 libra
1091 1851 1214 1946 paritet
1228 1850 1396 1938 deterere,
1410 1876 1453 1942 ac

488 1963 567 2036 dare
595 1991 655 2060 per
678 1991 798 2039 cornu.
823 1965 857 2035 Si
878 1964 969 2035 tuslrs
989 1988 1031 2034 ex
1054 1977 1192 2057 ruptura
1218 1962 1273 2054 vel
1293 1962 1449 2055 vulfione

487 2073 709 2165 provenerit,
729 2070 949 2168 anagallicum
973 2070 1085 2168 primo
1109 2069 1349 2165 tundes‚.posl
1365 2070 1449 2142 lter·

487 2179 564 2249 bam
595 2178 804 2273 parietariam
831 2183 918 2275 [pro
945 2180 1072 2252 duabus
1105 2180 1273 2277 partibus]
1301 2198 1450 2251 teneram

488 2285 671 2373 admisces,
695 2287 916 2386 adjunctaque
930 2289 1074 2389 axungia
1086 2291 1200 2372 2veteri
1224 2312 1377 2365 conteres
1395 2288 1447 2360 di·

446 2469 450 2476 .
486 2397 652 2495 ligenter,
671 2403 709 2475 &
733 2401 882 2496 pastillos
903 2400 1030 2490 facies,
1051 2426 1140 2499 quos
1159 2400 1278 2497 impari
1304 2420 1468 2474 numero.

486 2508 525 2580 &
542 2507 725 2605 imparibus
742 2511 857 2585 diebus
879 2537 957 2585 cum
979 2511 1131 2583 resoluto
1149 2512 1281 2608 ¹butyro
1296 2534 1336 2603 ac
1347 2508 1450 2579 melle

485 2612 663 2689 diffundes.
680 2618 733 2689 Ad
755 2618 865 2691 leuem
884 2617 995 2687 tussim
1018 2615 1163 2688 viatoria
1183 2615 1257 2686 sunt
1276 2614 1447 2709 expedita·
1543 2617 1549 2630 '

459 2752 461 2756 ¹
486 2748 552 2819 qne
572 2725 741 2814 remedia,
759 2749 885 2820 porros
899 2725 1108 2820 decoquere,
1125 2725 1163 2796 δι
1176 2747 1256 2826 cum¹
1266 2723 1366 2792 herba
1385 2726 1445 2817 p'a·

485 2833 620 2904 rietaria
648 2833 733 2905 bene
761 2832 855 2906 tunsa
885 2833 1044 2922 miscere,
1069 2830 1224 2927 lactisque
1251 2830 1386 2927 pallillis
1408 2830 1446 2902 in

486 2964 562 3011 ovo
584 2938 733 3038 resoluto
758 2945 796 3014 δι
818 2940 899 3013 oleo
919 2942 1037 3030 roseo,
1053 2963 1116 3012 nec
1140 2963 1212 3011 non
1235 2942 1273 3012 δι
1293 2938 1385 3035 passo
1405 2939 1445 3013 δε
1527 2931 1531 2940 ’

486 3048 584 3121 tuelle
605 3051 844 3141 convolvere,
868 3054 906 3127 ὅτ
931 3076 991 3149 ρετ
1018 3051 1166 3123 triduum
1188 3049 1349 3146 dejicere,
1369 3050 1445 3122 suc·
1466 3107 1484 3128 ,.

486 3149 563 3231 cum
583 3159 684 3257 ipsius
703 3159 806 3255 jutis,
826 3162 950 3261 inquo
974 3162 1105 3234 decocti
1128 3160 1204 3234 sunt
1223 3160 1444 3258 porri,insu-

478 3293 545 3366 per
565 3270 644 3343 dare
660 3296 720 3367 ρετ
733 3296 853 3348 cornu.
867 3277 951 3346 Item
966 3274 1049 3347 laser
1073 3270 1130 3370 [id
1144 3269 1213 3359 est,
1228 3270 1346 3368 opium
1363 3273 1443 3370 Cy·
1497 3327 1503 3336 ,

484 3381 678 3477 cenaticum]
702 3385 744 3455 ad
759 3384 1030 3481 magnitudinem·
1038 3383 1123 3453 fabar
1140 3406 1216 3454 cum
1232 3382 1315 3453 vino
1334 3380 1442 3453 veteri

485 3491 613 3564 detetes
633 3496 671 3565 δι
689 3517 750 3586 ρετ
773 3517 886 3566 εοτττιι
905 3493 1005 3565 dabis.
1028 3491 1179 3565 Tun&
1202 3489 1374 3589 gravedini
1389 3513 1443 3562 ca·
1525 3529 1527 3533 ·

486 3597 564 3692 pitis
588 3598 775 3671 medebitur
797 3600 910 3671 oleum
930 3599 1061 3672 roseum
1083 3599 1137 3672 vel
1166 3619 1256 3674 certe
1277 3598 1443 3694 simplex,

485 3707 541 3779 sed
561 3705 671 3780 viride
688 3733 765 3781 cum
786 3733 880 3810 aqua
888 3708 994 3784 calida
1016 3733 1076 3808 ρετ
1095 3733 1209 3783 narem
1222 3709 1370 3783 dextram
1382 3710 1459 3803 ρετῑ
1551 3759 1556 3768 .

485 3814 634 3918 triduum
656 3814 823 3894 diffusum.
1112 3883 1115 3888 .
1390 3897 1396 3918 .

520 3928 642 3999 LXVl.
657 3926 764 3999 Vulsrs
773 3926 938 4026 glutinare
950 3927 1112 4018 creditur,
1126 3929 1151 4002 si
1166 3923 1313 4028 draganti
1327 3923 1442 3999 uncias

486 4032 566 4104 duas
579 4034 685 4129 pridie
699 4034 855 4110 infundas
873 4039 908 4108 in
923 4038 1028 4112 calida
1041 4092 1054 4127 ,
1074 4038 1161 4111 foeni
1177 4061 1314 4136 quoque
1328 4036 1444 4109 Graeci

486 4140 673 4235 heminam,
692 4147 754 4220 lini
772 4147 903 4220 seminis
919 4149 1109 4243 heminam,
1128 4150 1302 4247 separatim
1326 4148 1442 4221 insum

487 4254 556 4342 das,
569 4255 622 4327 die
635 4257 771 4350 postero
784 4258 819 4331 in
836 4262 961 4335 cacabo
973 4237 1193 4359 decoquas&
1206 4261 1440 4357 patirerteras,

487 4363 563 4461 post
583 4365 737 4450 medullae
749 4368 897 4448 cerxiuae
911 4372 1027 4448 uncias
1046 4372 1151 4460 duas,
1172 4368 1243 4467 sepi
1254 4368 1443 4472 hircinislie
1551 4445 1555 4455 ,

1145 4482 1254 4573 Cc4
1323 4504 1326 4508 ·
1399 4493 1402 4500 ’
