3875 5759
579 865 734 979 anus
762 881 1104 972 virtutumve
1127 896 1317 972 murone
1371 918 1441 990 311

483 1060 638 1135 sanabilis
661 1063 832 1153 redditur,
852 1064 915 1149 δι,
940 1060 1009 1161 (ut
1028 1059 1247 1134 mulomedici
1269 1058 1384 1133 dicunt
1397 1059 1446 1159 ‚J

483 1172 714 1246 cenchremata
732 1173 866 1261 fecerit,
881 1199 923 1245 ne
936 1172 1124 1271 periculum
1139 1169 1259 1243 mortis
1273 1170 1444 1261 incurrat,

483 1281 559 1353 ervi
580 1282 746 1378 poliinem
762 1310 838 1357 cum
852 1284 934 1357 oleo
948 1283 1048 1356 roseo
1060 1286 1097 1356 δι
1113 1305 1188 1355 ovo
1205 1280 1299 1354 fimul
1320 1279 1445 1351 immit-

483 1386 560 1462 tito.
590 1394 686 1466 Cum·
697 1413 872 1493 purgatum
889 1393 1014 1470 vulnus
1030 1392 1151 1481 fuerit,
1167 1416 1245 1465 cum
1264 1391 1362 1461 melle
1380 1393 1444 1461 ti-

482 1498 557 1572 tico
578 1500 746 1602 inungite.
771 1506 858 1577 Sunt
885 1508 922 1578 &
947 1502 1009 1575 alia
1032 1500 1136 1574 muita
1159 1498 1446 1598 collyria‚quae,'

484 1610 565 1705 quia
591 1615 730 1688 eandem
760 1616 832 1690 vim
859 1613 1056 1710 easdemque
1087 1608 1212 1708 species
1238 1608 1443 1701 continent,

480 1741 677 1795 enumerare
698 1724 902 1820 superfluum
925 1723 1096 1795 duximus.

538 1829 664 1902 xxm.
688 1831 891 1929 Plerumque
917 1830 1070 1915 strumae,
1094 1824 1151 1896 rel
1172 1823 1365 1918 parotides,
1385 1840 1446 1897 aut

482 1934 673 2032 scrophulae
702 1940 932 2033 jumentorum
960 1952 1079 2033 guttur
1099 1930 1278 2018 infestant,
1300 1932 1338 2005 δε
1366 1931 1445 2003 fau-

483 2043 573 2114 cium
596 2064 763 2119 tumorem
787 2045 991 2141 producunt.
1013 2045 1102 2113 Nam
1123 2044 1161 2115 &
1189 2039 1341 2113 subtecto
1368 2042 1446 2138 ¹sunt

461 2149 614 2243 .capite‚
628 2156 666 2224 &
678 2170 838 2251 tanquam
855 2153 898 2225 ab
916 2150 1097 2249 stranguria
1114 2148 1360 2247 praefocantur.'
1370 2150 1446 2223 Hos

483 2258 630 2352 primum
651 2259 810 2334 fomentis
833 2262 967 2351 calidis,
981 2263 1019 2335 &
1039 2260 1267 2358 Cataplasmate
1282 2284 1322 2332 ex
1341 2257 1447 2355 potti-

483 2391 528 2439 ne
548 2368 763 2462 hordeaceo,
785 2375 823 2446 &
841 2372 957 2446 resrnae
978 2373 1088 2445 unciis
1111 2373 1216 2448 tribus
1237 2397 1333 2443 mero
1357 2371 1448 2446 vali&

484 2475 531 2547 do
553 2479 657 2553 codis
677 2480 786 2552 curari
808 2481 966 2578 expedit:
990 2484 1028 2555 &
1050 2505 1128 2555 cum
1152 2481 1313 2555 collectiti
1340 2480 1444 2553 tuerit

482 2603 665 2679 maturata,
679 2588 837 2685 scalpello
849 2589 952 2663 secari
964 2610 1052 2684 opus
1068 2589 1128 2677 est,
1143 2586 1354 2684 &quidquid
1367 2587 1445 2658 col·

483 2692 606 2767 leelum
620 2694 746 2785 fuerit,
762 2697 935 2782 emittere,
952 2695 991 2767 δι
1004 2712 1128 2783 acet0,
1150 2697 1188 2765 &
1207 2693 1290 2778 sale,
1304 2696 1342 2765 δι
1362 2693 1447 2766 oleo
1570 2715 1574 2722 ’

483 2799 614 2876 infusos
630 2783 809 2875 lemniscos
831 2800 1007 2895 subiicere.
1026 2800 1146 2873 ceteris
1168 2824 1309 2896 quoque
1328 2800 1446 2872 diebus

482 2913 685 2985 traumatico
702 2912 741 2984 δι
757 2910 1008 2984 medicamentis
1029 2909 1119 3006 aptis
1128 2907 1284 2979 sollerter
1302 2931 1446 2999 cirrare,

483 3017 509 3090 fi
530 3021 655 3094 vulnus
673 3039 805 3119 pateat,
819 3021 900 3092 dum
920 3017 1063 3092 sanetur.
1085 3020 1172 3092 Nam
1185 3018 1220 3089 iu
1237 3018 1289 3091 his
1302 3017 1388 3090 locis
1401 3043 1447 3091 ex

483 3128 705 3221 praeclufione
724 3128 794 3202 cito
818 3128 903 3201 solet
916 3126 1023 3200 fistula
1036 3126 1108 3200 fieri
1119 3155 1131 3201 :
1142 3126 1256 3224 qnaesr
1273 3128 1448 3214 evenerit,
1467 3152 1469 3156 ·

464 3233 649 3330 utsupra
677 3234 944 3309 demonstratum
957 3235 1045 3326 sest,
1067 3256 1202 3332 papyro
1228 3235 1267 3309 δι
1292 3235 1448 3335 collyrio

484 3345 612 3440 poterit
632 3345 814 3442 persanari.
978 3351 981 3355 ’
1020 3409 1024 3416 .

534 3449 669 3527 XXIV.
682 3453 862 3527 Glandulae
881 3475 1020 3549 quoque
1036 3449 1257 3542 animalibus,
1274 3453 1313 3525 δι
1327 3451 1450 3548 preci-¹

485 3582 553 3654 pue
574 3560 696 3654 pullis,
712 3560 815 3656 usque
841 3559 884 3631 ad
904 3553 1094 3655 periculum
1111 3559 1281 3632 interdum
1300 3560 1449 3632 moleste
1475 3639 1478 3644 ⁵

485 3668 585 3760 sunt,
599 3671 637 3743 &
658 3668 696 3741 in
715 3670 874 3743 morbum
890 3667 1064 3742 transeunt
1083 3669 1268 3767 aliquando
1280 3695 1380 3769 3quae
1394 3670 1451 3741 iu·

485 3798 539 3851 ter
558 3778 712 3852 maxillas
732 3779 976 3879 inferioresque
992 3778 1105 3855 fauces
1127 3781 1332 3868 nascuntur,
1354 3778 1451 3853 &ad

485 3887 737 3961 fimilitudinem
757 3891 935 3988 piiuiatum
959 3888 1126 3982 majores,
1144 3890 1218 3961 aliae
1238 3911 1326 4001 veru
1338 3888 1453 3959 mino·

485 4021 540 4070 tes
566 4021 734 4071 connexe
751 4022 794 4069 ex
819 4022 919 4071 carne
945 3997 1200 4087 obdurescunt,
1222 3999 1259 4070 δι
1282 4013 1452 4100 tumorem

486 4105 557 4178 fine
572 4107 750 4181 doloribus
776 4106 913 4183 faciunt.
939 4110 1030 4202 Que
1053 4106 1144 4179 inter
1160 4104 1259 4180 initia
1280 4104 1453 4199 perunum

488 4213 587 4303 oleo,
600 4216 710 4311 picula
727 4215 899 4313 perfricari
920 4217 1050 4306 solent,
1065 4213 1364 4315 vehementiusque
1377 4237 1451 4287 nra·

488 4322 591 4428 nibus
615 4324 812 4425 corrumpi,
833 4315 878 4404 διΙ
899 4327 945 4401 ita
972 4327 1067 4409 velut
1093 4323 1307 4503 varegendo
1335 4320 1455 4398 sanari.

1235 4456 1264 4521 4
