3875 5759
1365 844 1434 916 455
1481 823 1492 866 ‘

641 1048 920 1154 cURAE
980 1048 1269 1155 BOUM

790 1320 855 1383 ix
887 1319 1126 1399 concion

502 1548 891 1667 GARGILH
924 1519 1413 1673 MARTlAffls'.

483 1913 578 2047 ΑΙ)
599 1970 705 2041 boum
728 1969 896 2039 morbum.
909 1965 1015 2059 Selene
1035 1964 1149 2038 tritum
1163 1991 1223 2061 per
1235 1990 1344 2040 cornu
1359 1994 1440 2044 cum
1568 2009 1571 2014 ·

416 2089 419 2095 '
481 2081 568 2151 vino
583 2080 618 2150 in
640 2079 816 2172 potionem
831 2076 932 2148 dabis.
951 2078 1065 2160 Boves¹
1083 2079 1224 2154 morbos
1240 2103 1282 2150 ne
1297 2098 1441 2170 noceat,
1573 2111 1584 2136 ·

480 2188 561 2257 dato
575 2187 695 2258 sumtas
709 2184 803 2274 salis,
817 2185 1011 2257 ternelauri
1023 2185 1126 2276 folia,
1140 2179 1329 2298 &iotidem
1345 2189 1441 2284 porri

480 2294 619 2384 seeiivi,
636 2299 674 2370 &
697 2295 800 2392 ulpici
824 2296 882 2367 alii
909 2316 1020 2369 ternas
1049 2296 1176 2393 spicas,
1198 2298 1280 2372 turis
1301 2297 1443 2397 ¹grandis

481 2430 583 2501 grana
601 2427 718 2495 terna,
733 2407 843 2479 herbae
860 2406 985 2479 sabinae
1000 2407 1096 2482 erbas
1114 2428 1347 2504 ternas‚urutae
1362 2435 1443 2481 cau·

481 2515 603 2587 liculos
616 2538 744 2603 ternos,
758 2516 905 2589 sambuci
916 2516 1082 2588 carbones
1093 2499 1218 2587 ter'nos.
1231 2518 1313 2589 Haee
1324 2516 1443 2589 omnia

481 2623 542 2696 sub
562 2625 621 2697 dio
636 2626 717 2698 coeli
733 2650 792 2719 per
804 2624 951 2694 triduum
965 2647 1007 2693 ex
1022 2624 1136 2693 eadem
1149 2622 1326 2717 potionem
1339 2623 1443 2714 dato—2

481 2734 612 2827 adjeao
635 2733 760 2805 scilicet
783 2732 878 2802 vino.
898 2732 1006 2823 Quod
1019 2730 1064 2802 ita
1080 2731 1256 2826 partieris,
1273 2756 1311 2804 ut
1330 2756 1443 2829 aequas

482 2827 642 2941 potibnes
658 2869 717 2938 per
737 2841 886 2914 triduum
905 2841 1057 2937 accipiat.
1080 2844 1165 2914 Sane
1182 2843 1233 2931 is,
1251 2844 1310 2940 qui
1326 2844 1445 2933 dabit,

483 2951 624 3024 sublime
636 2952 715 3034 stet,
733 2954 771 3024 δι
786 2950 868 3021 vaso
881 2951 996 3048 ligneo
1013 2951 1167 3023 infundat
1181 2951 1215 3023 in
1241 2976 1306 3040 os,
1320 2952 1444 3025 deiciat

483 3062 518 3133 in
540 3079 682 3157 gutture.
690 3064 806 3133 ¹Boves
829 3060 853 3132 sl
874 3082 1038 3158 aegrotare
1055 3061 1243 3158 coeperint,
1258 3063 1337 3136 dato
1355 3087 1443 3136 con·

483 3171 582 3244 tinuo
604 3195 710 3244 ovum
730 3171 962 3268 gallinacium,
982 3173 1078 3280 quoe}
1091 3174 1232 3246 crudum
1246 3174 1379 3271 integro
1392 3172 1443 3247 fa·
1485 3265 1488 3278 Ι

483 3281 554 3357 cito
575 3299 612 3353 ut
631 3280 797 3354 devoret:
817 3282 953 3377 postero
974 3283 1028 3355 die
1048 3299 1150 3379 caput
1171 3283 1273 3378 ulpici
1295 3283 1361 3355 alii.
1374 3286 1444 3359 Bos

484 3391 689 3489 fiaegrotat,
712 3390 867 3487 quotidie
885 3391 916 3461 ei
941 3391 1021 3463 dato
1042 3417 1142 3464 unam
1168 3390 1309 3465 eminam
1339 3391 1445 3483 vini,

486 3507 524 3576 &
547 3527 702 3574 exercere
721 3504 808 3573 bene
830 3500 950 3572 vivere
963 3502 1123 3575 medium.
1146 3502 1170 3575 si
1192 3520 1350 3601 aegrotat,
1365 3504 1445 3577 her-

485 3612 561 3683 bam
580 3626 791 3684 centauream
810 3610 957 3682 contrita
974 3636 1017 3683 ex
1030 3612 1117 3685 vino
1135 3611 1275 3685 infunde
1291 3638 1349 3709 per
1361 3636 1443 3686 cor·

487 3744 578 3793 num.
601 3720 668 3791 Bos
685 3718 707 3790 fi
722 3736 882 3815 aegrotat,
897 3719 1036 3792 muriam
1056 3720 1240 3795 salsamenti
1260 3722 1444 3817 optimam,

486 3835 525 3903 &
542 3828 666 3901 malum
679 3846 776 3901 terrae
789 3856 885 3926 aquae
901 3829 984 3903 sext.
1004 3832 1091 3906 aceti
1103 3831 1151 3905 fil.
1164 3850 1238 3904 ruta
1252 3831 1445 3920 conterito,

487 3942 525 4010 &
545 3936 646 4009 labris
664 3935 856 4031 perfricato.
869 3939 935 4011 Vel
953 3940 1099 4014 radicem
1112 3940 1225 4012 herbae
1240 3937 1445 4034 personaciae

489 4045 682 4131 conterito,
699 4044 862 4138 &primo
882 4048 936 4120 die
955 4048 1036 4121 dato
1050 4075 1129 4123 unc.
1155 4076 1186 4135 e,
1203 4047 1345 4144 vinique
1363 4047 1448 4125 sext.
1481 4109 1490 4134 ,

494 4178 526 4236 1,
549 4154 586 4225 &
607 4179 714 4249 aquae.
740 4156 807 4227 Bos
829 4154 852 4226 fi
872 4176 1036 4255 aegrotat,
1059 4157 1150 4251 junci
1171 4156 1318 4229 radicem
1339 4157 1444 4229 deco-

490 4286 591 4360 ques,
602 4264 639 4339 δι
655 4288 714 4361 per
725 4290 870 4341 cornum
884 4270 990 4344 debis.¹
1005 4271 1072 4378 ¹Bos
1088 4268 1114 4342 fi
1132 4268 1240 4446 niFffiset
1251 4320 1262 4356 ,
1274 4286 1331 4341 aut
1348 4266 1445 4342 sisu-¹

1236 4401 1262 4467 4
