3875 5759
492 900 1394 1053 'mepntnnorrnur1tm

490 1126 492 1135 ⁴
523 1101 616 1198 jice,
634 1101 671 1173 δι
684 1117 806 1172 terram
826 1094 960 1169 sarculis
978 1093 1091 1167 misce.
1105 1094 1180 1168 Nec
1195 1093 1330 1187 prodest
1349 1092 1494 1168 nimium

524 1210 706 1283 slercorare
720 1230 794 1278 uno
807 1225 986 1300 «tempore,
1000 1201 1270 1298 sedsrequenter
1290 1205 1329 1275 δι
1345 1203 1496 1285 modice.

525 1322 618 1414 Ager
639 1313 785 1412 aquosus
806 1313 882 1408 plus
904 1309 1077 1400 stercoris,
1091 1308 1196 1384 srccus
1215 1334 1301 1382 vero
1314 1310 1426 1383 minus
1440 1338 1497 1384 re·

525 1427 641 1525 quirit.
655 1427 719 1498 Sed
733 1425 756 1497 fi
770 1421 946 1496 laetaminis
961 1420 1062 1518 copia
1078 1447 1151 1494 non
1164 1421 1333 1508 abundat,
1346 1422 1414 1495 hoc
1428 1449 1497 1519 pro

426 1554 429 1560 “
525 1536 675 1609 stercore
706 1535 838 1631 optime
862 1534 979 1622 cedit,
1007 1553 1043 1605 ut
1074 1532 1230 1608 sabulosis
1256 1533 1343 1607 locis
1368 1557 1496 1607 cretam

528 1644 631 1744 [vel]
653 1643 803 1743 argillam
822 1642 981 1742 spargas,
1006 1643 1143 1717 cretosis
1165 1668 1204 1716 ac
1230 1642 1372 1716 nimium
1391 1642 1496 1738 spissis

527 1753 734 1828 sabulonem.
755 1756 834 1827 Hoc
851 1753 951 1826 eriam
967 1753 1132 1852 segetibus
1149 1752 1306 1850 proficit,
1322 1758 1359 1829 δι
1379 1754 1498 1827 vineas

528 1863 770 1961 pulcherrimas
794 1864 914 1938 reddit.
935 1890 1012 1937 nam
1035 1864 1190 1936 laetamen
1205 1864 1240 1938 in
1264 1863 1374 1939 vineis
1401 1861 1498 1959 sapo-

529 1995 612 2054 rem,
625 1972 701 2045 vini
721 1971 845 2045 vitiare
860 1972 1054 2046 consuevit.

579 2084 618 2157 lI.
641 2082 720 2172 Hoc
735 2081 847 2154 mense
860 2082 1037 2181 uliginosis
1053 2080 1140 2154 locis
1154 2136 1165 2170 ,
1179 2100 1237 2154 aut
1258 2079 1423 2168 exilibus,
1438 2095 1497 2151 aut

530 2188 681 2286 frigidis,
694 2209 752 2263 aut
771 2189 909 2285 opacis,
923 2191 1013 2265 circa
1031 2190 1275 2286 equinodinm
1296 2189 1446 2262 triticum
1461 2192 1500 2265 δι
1598 2258 1601 2265 .

532 2299 697 2371 adoreum
712 2286 859 2389 seretur,
873 2301 952 2371 dum
972 2300 1129 2373 serenitas
1143 2299 1299 2392 constat,
1316 2316 1359 2372 ut¹
1373 2296 1501 2373 radices

533 2405 697 2479 frumenti
716 2429 794 2480 ante
817 2409 964 2482 hiemem
990 2408 1240 2484 convalescant.

582 2520 638 2592 111.
650 2520 745 2619 Solet
761 2543 850 2594 terta
871 2522 1050 2594 humorem
1071 2519 1185 2594 salsum
1208 2541 1365 2607 vomere,
1377 2516 1439 2614 qui
1455 2516 1504 2590 se·

533 2647 627 2728 getes
647 2649 756 2705 necat.
779 2631 838 2703 ubi
857 2626 926 2707 lto'c
940 2629 998 2724 sit,
1013 2630 1262 2714 columbinum.
1274 2629 1421 2711 slercus,
1443 2645 1504 2703 aut

451 2760 458 2774 ”
534 2741 677 2838 cupreffi
696 2741 781 2816 solia
803 2760 943 2838 oportet
963 2741 1229 2844 inspar'gere,&
1253 2739 1316 2829 ita,
1331 2758 1371 2846 ut
1384 2739 1505 2813 eadem
1564 2742 1568 2747 ’

534 2851 759 2944 misceantur,
775 2853 917 2929 inarare.
941 2854 1063 2926 melius
1086 2872 1199 2926 tamen
1222 2848 1381 2922 omnibus
1394 2873 1531 2921 reme·-

536 2959 603 3034 diis
622 2960 707 3050 erit,
725 2961 917 3056 fiaquatius
937 2961 1045 3039 sulcus
1063 2961 1205 3033 noxium
1221 2957 1361 3031 deducat
1376 2958 1506 3030 humo·

535 3083 628 3140 rem.⁸
643 3073 681 3139 ln
705 3068 887 3142 mediocris
900 3068 971 3166 agri
985 3063 1103 3166 jugero
1124 3064 1155 3139 v¹
1172 3066 1277 3142 tritici
1292 3067 1450 3152 modios,
1464 3067 1506 3142 δε

538 3173 658 3247 adorei
680 3175 825 3248 totidem
852 3176 1081 3251 conferemus.
1106 3205 1183 3251 nam
1202 3195 1351 3274 quatuor
1377 3174 1507 3277 [ager]

537 3282 675 3382 pinguis
695 3285 850 3383 accipiet.
872 3285 905 3358 Si
920 3287 1075 3361 modium
1091 3343 1102 3376 ,
1120 3313 1190 3385 quo
1212 3287 1359 3377 seretur,
1372 3288 1526 3385 hyaenae.

538 3395 628 3491 pelle
647 3397 820 3490 vestieris,
834 3401 873 3474 δι
894 3397 942 3471 ibi
960 3397 1197 3496 aliquamdiu,
1214 3397 1312 3495 quod
1331 3395 1509 3468 serendum
1593 3421 1598 3426 ’

539 3506 614 3597 est,
639 3509 704 3582 esse
725 3510 884 3605 patieris,
903 3509 969 3583 sata
989 3512 1076 3583 bene
1104 3507 1291 3606 provenire
1319 3503 1510 3580 firmantur.

517 3683 520 3690 .
539 3619 624 3693 Item
638 3673 650 3707 ‚
664 3614 1004 3719 quoniamquaedam
1019 3620 1176 3696 animalia
1188 3618 1402 3691 subterranea
1416 3614 1511 3689 sedis

509 3814 512 3817 ¹
530 3729 711 3805 *radicibus
730 3751 854 3806 necant
872 3733 1073 3833 plerumque
1091 3732 1281 3827 frumenta,
1298 3748 1419 3827 contra
1434 3730 1510 3802 haec

541 3839 765 3935 proderit‚si
794 3844 934 3935 herbae,
959 3870 1035 3941 quae
1064 3842 1178 3929 sedum
1209 3841 1362 3926 dicitur,
1391 3838 1512 3910 succus
1563 3826 1576 3851 '

540 3972 638 4046 aquae
661 3949 787 4023 mixtus
799 3976 867 4023 una
876 3953 981 4026 -nosle
995 3951 1195 4026 madefaciat
1208 4004 1221 4040 ,
1234 3976 1308 4047 quae
1326 3947 1511 4044 spargenda
1578 4040 1581 4044 Ι

541 4053 620 4129 sunt
640 4055 765 4131 semina
781 4085 789 4130 r
812 4059 869 4130 vel
883 4061 1019 4158 agrestis
1033 4058 1220 4134 cucumeris
1232 4059 1357 4138 humor
1371 4054 1513 4149 expres-j

542 4161 596 4237 sus
607 4178 622 4254 ,⁸
633 4166 672 4239 δι
684 4164 755 4259 ejus
772 4165 867 4238 radix
882 4168 982 4258 trita,
997 4167 1021 4239 fi
1034 4191 1121 4264 aqua
1133 4166 1298 4254 diluatur,
1310 4164 1347 4236 &
1365 4162 1512 4254 eodem,

442 4334 446 4346 .
543 4296 620 4368 quae
643 4272 778 4348 serenda
802 4276 899 4367 sunt,
916 4292 1129 4351 macerentur
1146 4277 1305 4350 humore.
1322 4270 1438 4369 Aliqui
1453 4269 1511 4345 ubi

504 4467 509 4477 p
544 4377 622 4459 haec
644 4380 769 4484 segetes
784 4384 856 4463 suas
873 4385 1023 4485 perferre
1036 4384 1219 4480 senserint,
1232 4386 1321 4460 inter
1339 4381 1438 4457 iniria
1454 4378 1511 4459 vie
