3875 5759
482 1003 564 1114 με1
647 998 1160 1077 vacuari-nra.
1212 999 1266 1071 11.

481 1188 674 1264 perunges:
692 1162 759 1236 -ubi
780 1185 861 1237 cura
880 1160 1081 1260 profecerit,
1102 1159 1262 1257 malagma
1281 1154 1343 1232 vel
1368 1167 1447 1231 cau-⁴

483 1273 601 1348 slicum
629 1271 789 1359 inducis,
815 1295 886 1342 non
913 1290 990 1343 ante
1021 1290 1132 1343 tamen
1161 1264 1331 1366 permittis
1365 1264 1448 1339 flate

484 1380 701 1480 jumentum,
738 1405 838 1478 quam
873 1380 943 1453 dies
984 1378 1201 1477 quadraginta
1231 1390 1448 1472 praetereant.

486 1493 555 1565 boc
577 1508 689 1564 autem
708 1507 837 1587 tempus
850 1491 918 1584 est,
932 1515 1004 1591 quo
1023 1489 1152 1563 divulsa
1172 1487 1228 1563 vel
1251 1487 1357 1562 stabla
1369 1485 1448 1568 soli-¹

485 1601 620 1674 dantur.
1093 1653 1097 1659 -
1252 1672 1255 1676 ,

534 1710 686 1783 vam.
700 1709 901 1807 Plerumque
916 1706 950 1781 in
962 1706 1120 1808 genibus,
1134 1705 1190 1780 uel
1206 1703 1381 1796 articulis,
1392 1722 1446 1781 aut

485 1818 674 1917 phlegmon
690 1818 819 1909 oritur,
832 1838 889 1891 aut
900 1843 1067 1890 marmora
1078 1871 1089 1908 ,
1102 1836 1158 1891 aut
1170 1816 1349 1891 mallones.
1361 1819 1446 1911 Quo

486 1924 573 1999 vitia
598 1950 644 1999 ex
669 1926 760 2001 malo
777 1928 921 2000 humore
946 1945 1171 2025 generantur,
1198 1925 1446 2024 &paldonem

486 2058 566 2107 cum
579 2034 793 2110 deformitate
806 2035 950 2110 tumoris
960 2034 1163 2146 pslendunt:
1187 2035 1243 2108 sed
1255 2034 1318 2109 isla
1331 2035 1445 2108 ditan-

487 2141 535 2217 tia
555 2144 623 2240 est‚
642 2146 738 2244 quod
760 2146 944 2242 phlegmon
967 2147 1064 2219 tuber
1084 2144 1131 2218 est
1156 2143 1289 2235 molle,
1304 2167 1443 2218 marmor

489 2254 648 2327 duritiam
674 2257 820 2329 ostendit
842 2281 886 2329 ex
908 2258 1067 2347 nomine,
1081 2257 1184 2330 mallo
1199 2256 1339 2331 inflatus
1353 2258 1444 2331 rubet

487 2361 537 2434 est
565 2362 634 2435 stne
661 2365 793 2437 dolore.
818 2365 941 2468 quibis
969 2367 1159 2439 recentibus
1183 2366 1298 2461 potest
1324 2366 1445 2442 facilius

490 2470 673 2547 subveniri.
693 2476 808 2547 Primo
829 2476 938 2548 lanam
959 2476 1122 2552 succidam
1138 2502 1180 2550 ex
1199 2478 1285 2551 oleo
1300 2480 1340 2555 δι
1352 2498 1445 2574 aceto

488 2578 653 2673 induces,
675 2602 793 2656 contra
811 2609 928 2681 aquam
952 2583 1102 2683 frigidam
1117 2588 1154 2659 δι
1173 2607 1366 2660 currentem
1379 2584 1446 2660 ani··

489 2690 559 2760 mal
582 2689 774 2765 conslitues.
796 2690 872 2787 post
885 2692 955 2763 stne
968 2691 1059 2765 ferro
1074 2695 1134 2768 hac
1155 2696 1293 2769 ratione
1314 2693 1445 2771 curabis.

482 2799 622 2897 *Sinopis
642 2802 681 2875 δι
700 2802 774 2875 salis
793 2802 1011 2875 Alexandrini
1023 2802 1130 2901 scrup.
1144 2833 1189 2897 4,
1204 2806 1295 2879 aceti
1313 2803 1446 2906 cyathos

492 2937 534 3000 2,
553 2909 711 3008 axungiae
734 2911 857 2985 vetetis
877 2913 1031 2986 selibram
1044 2965 1056 3003 ,
1071 2914 1166 2986 simul
1180 2935 1343 3012 conteres
1354 2917 1390 2989 δι
1401 2914 1445 2986 in·

492 3018 618 3108 duces,
639 3018 718 3114 posi
736 3018 824 3090 diem
849 3020 985 3093 tertium
1001 3021 1116 3096 solvis.
1135 3022 1169 3095 Si
1191 3043 1383 3119 aperturam
1404 3022 1444 3095 fe·

493 3128 601 3215 cerit,
621 3127 795 3223 spongiam
811 3152 887 3199 cum
903 3147 1002 3202 aceto
1022 3132 1060 3204 &
1074 3132 1176 3204 lasere
1188 3132 1364 3229 imponis,
1378 3131 1445 3210 vul·

495 3259 579 3306 nera
600 3235 748 3332 slyptico
767 3239 910 3311 curabis.
922 3242 1090 3326 Praererea
1109 3243 1254 3335 locum,
1277 3271 1377 3344 quem
1394 3271 1444 3319 cu·

495 3369 572 3420 rare
592 3347 763 3436 volueris,
778 3347 914 3417 indusio
933 3347 1097 3441 psilothro
1116 3350 1299 3446 decalvas,
1314 3353 1442 3427 radicem

495 3453 616 3541 filicis,
633 3456 671 3528 δι
683 3477 820 3541 ervum,
833 3449 962 3526 &sicus
975 3454 1100 3549 aphros
1114 3460 1311 3533 contundes
1323 3457 1441 3555 iopila,

495 3564 690 3640 &induces
707 3562 744 3667 in
762 3586 895 3659 panno,
912 3587 973 3658 per
990 3563 1137 3636 triduum
1160 3565 1306 3663 ligatum
1328 3565 1443 3668 patieris

389 3743 392 3752 ,
495 3699 641 3750 manere.
662 3671 731 3746 Alii
754 3669 900 3746 radicem
926 3671 1025 3747 filicis
1046 3676 1084 3748 &
1100 3700 1219 3748 ervum
1249 3705 1333 3754 cum
1353 3705 1442 3755 axun-

495 3782 676 3885 giaveteri
696 3783 735 3855 &
758 3799 855 3855 aceto
875 3783 1043 3856 acerrimo
1065 3803 1185 3879 putant
1206 3792 1375 3883 oportere
1393 3788 1441 3862 mi·
1462 3834 1464 3840 -

497 3893 593 3968 sceri.
608 3894 689 3964 Item
707 3891 829 3965 cineris
849 3916 987 3989 quoque
1005 3891 1046 3964 de
1063 3891 1146 3965 foco
1160 3895 1281 3972 uncias
1305 3895 1443 3999 3,calcis

497 4005 591 4079 vivae
606 4002 722 4074 uncias
735 4004 776 4089 6,
793 4001 880 4072 vino
893 4000 1036 4097 subigito
1050 4003 1091 4073 ad
1104 4003 1358 4088 crassitudinem
1371 3994 1442 4105 oxy·

496 4107 1444 4206 mellis,&,antequamobdurescant,tubercrrlaobline.
1486 4115 1488 4194 l

497 4224 606 4315 Quod
626 4220 649 4291 sr
669 4219 792 4292 assidue
810 4220 845 4291 in
861 4216 989 4291 recenti
1009 4216 1145 4306 feceris,
1162 4222 1330 4316 pullionis
1351 4226 1443 4299 mole·

496 4331 556 4405 flia
575 4329 762 4403 siccabitur.
785 4328 810 4401 fr
834 4327 1015 4402 vetustiora
1036 4329 1269 4425 fint,punslis
1296 4336 1444 4411 subtiliter

455 4456 460 4472 ·
497 4438 699 4534 inurantur,
718 4463 762 4515 ne
787 4438 825 4515 vi
843 4438 883 4513 &
901 4437 980 4537 igne
1001 4438 1174 4520 vitientur.
1196 4443 1305 4521 ‘satis
1318 4466 1444 4548 quoque
