3875 5759
616 884 748 955 unns
773 881 986 958 VETERIN.
1012 881 1320 964 81VEMULOM.
1381 913 1450 985 329
1520 857 1522 862 ’
1592 960 1594 965 .

476 1038 655 1129 miscent,
670 1045 707 1114 δι
730 1040 854 1114 ozaenis
866 1041 1059 1138 frequenter
1079 1041 1272 1137 imponunt.
1297 1046 1352 1117 nd
1373 1047 1450 1117 ulri-

495 1176 588 1221 mum
618 1150 764 1225 caustico
793 1169 944 1222 uruntur.
973 1154 1062 1243 Quae
1087 1176 1208 1248 genera
1234 1179 1386 1244 curarum
1412 1159 1452 1229 δι

493 1258 736 1354 posterioribus
749 1258 887 1358 pedibus
903 1259 1090 1332 adhibenda
1102 1280 1256 1352 veterum
1269 1264 1380 1335 censet
1394 1282 1452 1335 au·

493 1371 640 1447 duritas.
659 1372 746 1450 Usus
768 1372 924 1460 invenit,
945 1372 1062 1444 addito
1083 1371 1199 1446 sale&
1220 1393 1317 1446 aceto
1330 1374 1450 1446 ciliciis

456 1546 460 1554 .
494 1503 627 1551 ozaenas
651 1479 833 1567 defricare,
846 1481 956 1554 donec
976 1495 1079 1565 cruor
1095 1498 1154 1551 aut
1174 1498 1289 1551 tumor
1309 1495 1451 1557 e'rnanet.
1565 1483 1567 1487 ’

469 1619 471 1628 “
493 1589 583 1679 Quae
600 1588 792 1690 obseruatio
811 1589 938 1662 etiamsi
959 1614 1032 1663 non
1050 1588 1296 1685 persanaverit,
1314 1589 1459 1688 sequen,

492 1716 543 1771 tes
564 1718 674 1772 samen
693 1692 960 1791 ,adjuvat-curas.
1040 1774 1042 1778 ,
1352 1765 1356 1771 ,
1443 1793 1445 1798 ,

547 1812 584 1879 L.
611 1808 780 1881 Interdum
808 1805 984 1881 reumatici
1007 1804 1259 1902 jumentorum,
1280 1806 1449 1890 interdum

490 1903 622 1991 ventosi
643 1916 719 1989 sunt
737 1916 838 2011 pedes
856 1941 866 1986 ε
886 1939 962 2010 quae
988 1913 1071 1987 vitia
1091 1939 1263 2013 nunquam
1287 1907 1450 2010 tangenda
1502 1989 1505 1993 Α

445 2030 448 2040 “
489 2024 564 2096 sunt
577 2024 691 2111 ferro,
708 2024 765 2095 sed
778 2022 973 2095 exficcanda
992 2047 1051 2117 per
1063 2022 1240 2119 malagmas
1254 2022 1308 2093 vel
1328 2020 1450 2107 causti-
1494 2056 1497 2062 ·

492 2157 568 2203 curn
580 2186 591 2220 ,
602 2134 639 2204 &
652 2132 831 2227 aliquando
847 2131 972 2203 urenda
985 2129 1104 2206 leviter
1118 2155 1178 2226 per
1191 2149 1357 2213 venas‚ut
1371 2153 1450 2202 cau·

490 2242 583 2329 seriis
604 2263 753 2331 meatus,
769 2243 826 2340 qui
848 2245 1025 2336 humorem
1046 2243 1254 2339 suscipiunt,
1271 2242 1448 2340 angusten-

491 2373 563 2444 tur,
577 2357 614 2429 δι
627 2348 912 2455 constringantur,
930 2377 967 2430 ut
981 2382 1046 2454 pro
1060 2375 1214 2451 ternpore
1227 2352 1363 2429 afferant
1377 2380 1450 2427 rne-

394 2547 396 2552 ,
489 2463 751 2563 dicinamzquia
766 2464 800 2537 in
814 2466 1084 2555 totum,eriarnsr
1099 2463 1449 2540 intercisae&adustae
1567 2536 1570 2542 .

487 2575 564 2651 sunt
584 2601 702 2665 venae,
719 2602 791 2649 non
805 2574 933 2673 poterit
951 2575 1026 2647 talis
1041 2574 1135 2647 causa
1149 2573 1264 2673 sanari.

535 2686 589 2757 LI.
608 2685 823 2783 Impetigines
839 2709 978 2781 quoque
995 2683 1030 2783 in
1052 2682 1203 2755 articulis
1229 2683 1286 2754 vel
1307 2680 1447 2779 genibus

486 2791 576 2867 inter
599 2817 727 2865 nervos
748 2793 1049 2864 commiffuralibus
1067 2792 1152 2867 locis
1181 2792 1361 2891 aliquando
1386 2819 1448 2865 na·

486 2902 626 2974 scuntur
639 2954 649 2987 ,
663 2904 701 2975 &
721 2900 759 2974 fir
782 2903 906 2974 vulnus
927 2901 1031 2973 fimile
1051 2888 1228 2999 rhagadio,
1245 2903 1283 2974 δι
1302 2925 1374 2972 non
1393 2899 1447 2972 fa·
1466 2894 1470 2904 ’

487 3009 552 3084 cile
572 3007 729 3097 sanatur,
747 3010 808 3088 nili
831 3011 966 3085 stalticis
991 3010 1047 3086 vel
1069 3011 1219 3110 dypticis
1238 3010 1358 3099 rebus,
1373 3034 1447 3082 non

485 3117 555 3189 fine
570 3116 756 3215 alligatura,
771 3122 823 3193 vel
838 3120 1005 3192 interdum
1017 3120 1205 3210 adustione,
1217 3142 1361 3196 curetur.
1374 3124 1447 3201 Mai

467 3229 606 3325 ,lagmas
628 3254 765 3328 quoque
789 3230 1034 3305 convenientes
1056 3250 1195 3328 oportet
1207 3232 1351 3328 imponi.

534 3339 601 3409 Lll.
622 3338 776 3434 Uligines
787 3335 887 3411 etiarn
907 3339 941 3412 in
956 3342 1116 3435 pedibus,
1129 3341 1282 3413 eruribus
1295 3392 1307 3426 ,
1322 3340 1444 3436 ungui·

482 3445 631 3541 busque,
653 3450 710 3519 vel
726 3447 786 3517 sub
804 3447 902 3517 armis
919 3449 1102 3543 aliquando
1122 3468 1346 3547 generantur,
1360 3473 1443 3545 quas
1495 3437 1498 3443 ¹

483 3552 620 3650 quidam
643 3553 836 3625 dulcedines
863 3576 1015 3627 vocant:
1039 3557 1162 3646 habent
1192 3552 1442 3632 similitudinem

481 3659 616 3735 scabiei.
637 3663 727 3754 Quae
749 3688 825 3735 cunr
841 3661 872 3732 se
892 3661 1109 3755 diffuderint,
1126 3670 1227 3765 pedes
1247 3672 1443 3744 exulcerant
1518 3702 1521 3706 ·

482 3770 524 3843 ad
539 3769 787 3845 similitudinem
799 3774 900 3869 leprae
913 3826 925 3860 ,
940 3775 977 3846 &
991 3795 1150 3873 ,urgente
1161 3777 1353 3873 prurigine,
1368 3777 1442 3849 ani·

480 3879 580 3951 malia
593 3879 651 3951 sibi
662 3901 782 3981 *partes
805 3880 878 3954 illas
891 3883 1098 3973 corrodunt,
1120 3886 1176 3956 vel
1189 3886 1324 3959 alternis
1346 3885 1441 3982 pedi·

481 3990 545 4061 hus
571 3988 796 4063 confricando
812 3993 1010 4065 vulnerant.
1022 3992 1127 4084 Quod
1144 3994 1264 4067 vitium
1286 4019 1304 4066 a
1330 3995 1441 4066 crudo

481 4098 538 4169 vel
563 4101 702 4194 putrido
723 4101 864 4175 hunro're
893 4101 1069 4176 consuevit
1091 4102 1267 4199 generari,
1292 4103 1439 4175 &idem

481 4221 618 4277 curatur
634 4207 838 4279 derraelione
851 4208 1019 4306 sanguinis
1031 4261 1043 4297 ,
1055 4205 1290 4290 uanioribus,
1305 4207 1342 4279 &
1355 4232 1440 4300 pur·

477 4314 674 4419 gationibus
688 4318 832 4395 ventris,
853 4317 989 4396 firadix
1003 4314 1343 4408 cucumerisfilvatiei
1358 4343 1436 4395 curn
1480 4372 1484 4382 -
