3875 5759
431 933 504 1003 1⁶:
553 873 1309 1034 tffn'uunorrnurrntr

431 1088 546 1177 ratio,
561 1103 712 1185 quatuor
724 1085 826 1163 rebus
839 1083 991 1172 conslat,
1007 1108 1103 1176 aere,
1113 1108 1221 1182 aqua,
1234 1103 1341 1177 terra,
1351 1083 1409 1188 in·¹

387 1233 391 1242 ¹
433 1198 568 1273 dustria.
592 1201 645 1269 Ex
672 1195 812 1270 histria
836 1194 1017 1279 naturalia;
1039 1221 1146 1270 unum
1164 1191 1341 1269 'facultatis
1369 1198 1410 1272 dt

435 1308 639 1382 voluntatis.
669 1310 807 1379 Naturae
830 1307 897 1398 est,
924 1308 1022 1404 quod
1052 1305 1088 1377 in
1115 1304 1234 1400 primis
1261 1304 1410 1410 speClare

435 1434 599 1511 oportet,
613 1437 651 1488 ut
667 1416 715 1488 eis
735 1414 843 1503 locis,
856 1438 934 1511 quae
955 1413 1071 1486 colere
1086 1412 1281 1500 destinabis,
1297 1438 1355 1487 aer
1369 1413 1411 1486 lit

435 1528 586 1601 salutatis
605 1530 643 1603 &
657 1528 827 1612 clemens,
840 1549 926 1621 aqua
942 1523 1131 1596 salubris&
1145 1521 1276 1611 facilis,
1290 1525 1349 1600 vel
1360 1523 1410 1598 ibi

436 1638 600 1727 nascens,
615 1637 671 1711 vel
685 1637 825 1709 addusla
835 1691 845 1727 ,
857 1635 914 1707 vel
927 1633 1035 1708 imbre
1047 1633 1208 1707 collecta:
1219 1651 1308 1707 terra
1321 1659 1413 1711 vero

436 1748 599 1822 soecunda
613 1749 650 1819 δι
666 1746 728 1818 srtu
743 1728 936 1818 commoda.

365 1908 368 1914 -
488 1860 543 1930 lll.
565 1855 662 1928 Aeris
683 1853 785 1952 igitur
801 1851 1028 1924 salubritatem
1053 1848 1244 1939 declarant,
1266 1854 1345 1928 loca
1368 1855 1413 1930 ab

438 1954 566 2045 in'fimis
587 1959 734 2038 vallibus
754 1961 881 2052 libera,
895 1964 932 2035 δι
954 1961 1154 2034 nebularum
1177 1963 1334 2038 nedibus
1351 1965 1414 2038 ab*

440 2080 569 2167 soluta,
587 2080 626 2151 &
651 2076 881 2150 habitatorum
907 2073 1119 2150 considerata
1140 2074 1367 2171 corpuscula,
1385 2075 1413 2151 si

441 2191 491 2264 eis
503 2189 604 2264 color
619 2188 738 2278 sanus,
751 2186 871 2285 capitis
883 2183 980 2258 sirma
997 2184 1190 2276 snceritas,
1207 2188 1415 2264 inoffensum

440 2304 557 2377 lumen
573 2301 778 2391 oculorum,
790 2326 894 2397 purus
909 2298 1061 2390 auditus,
1072 2298 1128 2396 [δι
1138 2299 1179 2399 sr]
1192 2299 1305 2377 fauces
1319 2329 1415 2378 conr.

442 2432 591 2487 meatum
606 2409 744 2507 liquida
763 2410 864 2483 vocis
881 2429 1052 2483 exercent.
1074 2411 1153 2482 Hos
1173 2434 1296 2507 genere
1315 2412 1417 2486 beni·

393 2557 399 2582 .·
443 2521 555 2620 gnitas
579 2519 666 2593 aeris
690 2520 910 2615 approbatur.
931 2518 992 2589 His
1016 2536 1127 2589 autem
1152 2519 1325 2594 contraria
1348 2544 1418 2606 no·¹

367 2655 369 2660 ·
443 2631 540 2704 xium
559 2628 642 2704 coeli
661 2627 750 2700 illius
769 2628 921 2724 spiritum
943 2626 1163 2702 confitentur.

392 2795 397 2806 .
494 2742 554 2811 lV.
570 2742 679 2834 Aquae
695 2761 781 2812 veto
799 2735 971 2810 salubritas
986 2736 1032 2808 sic
1045 2735 1247 2832 agnoscitur.
1263 2735 1418 2816 Primum

444 2872 489 2922 ne
506 2846 690 2933 elaeonis,
708 2865 766 2919 aut
786 2871 806 2918 a
823 2846 946 2943 palude
966 2846 1108 2918 ducatur
1123 2873 1132 2918 :
1147 2871 1191 2918 ne
1212 2847 1254 2919 de
1272 2847 1417 2922 metallis

444 2958 614 3055 originem
642 2957 770 3042 sumat;
795 2954 850 3027 sed
875 2955 916 3027 fit
939 2955 1107 3053 perspicui
1135 2956 1284 3046 coloris,
1306 2955 1441 3058 neque

446 3068 521 3142 ullo
543 3086 601 3138 aut
616 3065 736 3160 sapore
750 3083 809 3137 aut
821 3066 932 3137 odore
946 3067 1105 3152 vitietur,
1119 3068 1235 3140 nullus
1254 3068 1303 3141 illi
1319 3069 1419 3144 limus

448 3176 586 3265 insidat,
600 3173 714 3273 srigus'
727 3192 848 3270 tepore
865 3174 925 3246 suo
941 3174 1102 3266 mulceat,
1120 3176 1241 3249 aeslatis
1262 3179 1419 3254 incendis

450 3288 577 3388 frigore
597 3289 803 3361 moderetur.
828 3288 893 3359 Sed
913 3287 993 3385 quia
1017 3289 1101 3360 solet
1125 3290 1178 3362 his
1198 3292 1359 3366 omnibus
1378 3291 1420 3366 ad

450 3402 595 3502 speciem
617 3401 793 3477 custoditis
814 3402 1039 3504 occultiorem
1060 3387 1332 3499 noxam'tefflor
1352 3405 1422 3479 ser·

451 3540 535 3592 vate
549 3532 686 3601 natura,
700 3513 804 3610 ipsam
817 3539 955 3612 quoque
968 3540 1010 3586 ex
1022 3511 1215 3587 incolarum
1228 3515 1423 3591 salubritate

422 3711 425 3717 .
451 3626 642 3702 noscamus.
663 3628 698 3699 Si
717 3628 829 3702 fauces
844 3628 1032 3700 bibentium
1050 3653 1147 3722 purae
1167 3628 1303 3713 sunt‚s1
1324 3629 1424 3704 salvo

452 3733 635 3831 capite‚in
655 3735 877 3831 pulmonibus
891 3764 930 3811 ac
945 3738 1085 3809 thorace
1106 3756 1163 3809 aut
1186 3737 1277 3810 nulla
1300 3740 1347 3810 ell
1365 3755 1424 3811 aut

347 3843 349 3848 ’
452 3871 528 3920 tara
552 3844 712 3919 causatio.
735 3871 813 3920 nam
837 3847 1039 3944 plerumque
1057 3847 1116 3918 has
1136 3870 1244 3919 noxas
1264 3846 1425 3943 corporis

438 3957 496 4042 'ad
516 3952 717 4028 inferiorem
738 3975 890 4051 partem,
915 3980 993 4052 quaa
1009 3952 1115 4049 supra
1140 3956 1216 4026 sunt
1240 3980 1425 4057 corrupta,

455 4063 657 4148 demittunt;
671 4064 866 4151 [ut'vitiato
889 4064 999 4159 capite
1013 4064 1055 4135 ad
1078 4064 1257 4159 pulmones
1275 4065 1331 4136 vel
1352 4064 1426 4137 slo-

454 4169 611 4242 machum
625 4169 740 4242 morbi
762 4172 859 4244 causa
877 4173 1052 4259 decurrat]
1069 4189 1151 4246 tunc
1166 4175 1352 4268 culpandus
1367 4197 1425 4243 aer

454 4277 571 4371 potius
580 4277 766 4354 invenitur.
788 4280 923 4354 Deinde
937 4282 961 4353 st
975 4300 1112 4368 venter,
1127 4301 1185 4355 aut
1199 4280 1351 4368 viscera,
1366 4279 1439 4352 uel*

453 4385 579 4480 latera,
592 4387 648 4464 vel
664 4412 763 4466 tenes
777 4387 875 4474 nullo
893 4389 1084 4466 doloreaut
1097 4386 1276 4480 inflatione
1290 4413 1426 4474 vexang
