3875 5759
454 877 457 884 '
566 915 640 1004 ‘434
737 902 1246 978 vacarrrcta.
1295 907 1361 978 ru.

565 1066 756 1163 serpentum
775 1082 832 1138 aut
851 1062 1067 1139 bestiolarum
1081 1065 1247 1140 morsibus
1266 1064 1400 1141 liberat.
1426 1068 1498 1152 Cui
1517 1070 1541 1145 fi

565 1175 691 1275 piperis
719 1193 818 1273 atque
839 1174 989 1273 pulegii,
1008 1199 1160 1249 necnon
1179 1174 1278 1250 etiarn
1295 1176 1435 1274 cymini
1459 1180 1539 1275 pul·

564 1284 678 1373 veris,
693 1283 784 1356 aliud
796 1281 976 1356 cochleare
989 1282 1174 1372 addideris,
1189 1287 1226 1357 dt
1240 1308 1315 1357 curn
1342 1284 1422 1357 vini
1440 1306 1537 1370 rete,-

567 1393 614 1470 ris
633 1390 775 1466 sextario
796 1390 945 1481 dederis,
963 1416 1066 1466 omne
1085 1392 1192 1492 frigus
1207 1394 1360 1491 exptllit.

613 1504 674 1576 lX.
691 1500 820 1576 Tuffim
836 1526 974 1601 quoque
997 1501 1210 1576 insanabilem
1234 1528 1314 1578 cura
1332 1528 1415 1577 cum
1429 1505 1538 1579 berni·

563 1637 608 1686 na
628 1612 730 1708 palli,
748 1612 786 1685 δι
803 1610 906 1683 tribus
925 1608 1034 1683 unciis
1048 1609 1117 1682 olei
1138 1611 1176 1685 δι
1202 1610 1536 1710 ovocrudo,s1per

461 1791 464 1796 .
561 1715 712 1796 triduurin
732 1719 885 1794 defundis
898 1718 1070 1806 faucibus,
1083 1715 1199 1792 addite>
1217 1718 1305 1793 sabae
1327 1722 1534 1817 polline,&

481 1830 484 1835 ’
562 1832 652 1907 soeni
669 1835 795 1906 Graeco
808 1830 897 1904 binis
911 1825 1154 1904 cochlearibus.
1168 1830 1332 1901 Praeterea
1350 1831 1454 1905 valde
1466 1833 1534 1905 tus·

561 1942 723 2017 sientibus
743 1940 879 2039 prodesi
899 1938 985 2013 fabae
1008 1937 1106 2011 frixae
1126 1938 1285 2034 sextarius
1299 1937 1369 2011 sure
1390 1940 1459 2013 sale
1472 1966 1531 2015 co·

560 2050 654 2142 sius,
672 2050 741 2148 sepi
765 2048 895 2145 caprini
920 2048 1030 2121 unciae
1053 2065 1140 2137 tres,
1158 2047 1275 2145 butyri
1298 2072 1380 2120 unc.
1399 2077 1440 2147 3,
1461 2050 1529 2123 allii

560 2159 694 2258 purgati
715 2158 825 2253 capita
837 2157 903 2229 rria
922 2157 1061 2228 decoras
1073 2180 1149 2229 cum
1164 2154 1263 2228 succo
1279 2154 1443 2251 ptisana,
1455 2160 1527 2231 data

559 2291 623 2360 per
641 2266 798 2354 triduum.
818 2267 902 2356 Quo
924 2264 1172 2337 medicamento
1194 2262 1340 2335 validius
1354 2267 1525 2340 creditur:

558 2374 656 2447 ficus
676 2372 770 2445 srccae
788 2373 938 2468 pondera
962 2371 1055 2461 duo,
1078 2370 1164 2444 soeni
1184 2372 1297 2446 Graeci
1319 2372 1526 2464 sextarium,

557 2482 703 2559 tracanti
724 2481 879 2571 unciam,
898 2480 1005 2577 pridie
1019 2480 1055 2552 in
1077 2481 1183 2555 calida
1204 2480 1334 2573 infusa,
1348 2488 1525 2583 anagallici

556 2591 721 2681 unciam,
744 2607 829 2661 rutae
855 2588 976 2662 viridis
1003 2587 1221 2677 fasciculum,
1252 2589 1322 2685 apii
1345 2581 1526 2668 fasciculos

539 2721 651 2790 -tres,
669 2698 793 2797 pariter
814 2699 849 2769 in
869 2723 955 2796 aqua
976 2698 1155 2772 diutislime
1179 2699 1374 2798 decoques,
1391 2706 1433 2779 dr
1453 2706 1524 2779 sau·

557 2812 655 2888 cibus
680 2834 739 2907 per
762 2809 911 2881 triduum
934 2809 1106 2882 defundes.
1129 2811 1257 2883 Curare
1279 2812 1382 2887 etiam
1410 2819 1524 2890 vulsos

557 2920 730 3006 creditur,
747 2917 771 2988 st
791 2916 913 3013 septem
934 2922 1053 2998 uncias
1073 2918 1193 2991 cineris
1208 2920 1417 2997 mundislsmi
1430 2926 1525 2998 colli·

557 3056 639 3130 gas,
660 3028 826 3124 addasque
853 3027 923 3100 olei
943 3028 1059 3101 uncias
1085 3050 1173 3118 tres,
1200 3031 1323 3107 bulbos
1350 3035 1455 3111 tritos
1476 3037 1524 3111 se·

556 3135 859 3235 ptem,anagallici
877 3136 1037 3227 unciam,
1056 3138 1172 3235 butyri
1195 3140 1351 3232 unciam,
1376 3144 1449 3240 sepi
1471 3173 1526 3220 ca·

556 3244 648 3342 prini
670 3243 824 3329 unciam,
843 3244 950 3317 mellis
965 3246 1080 3319 uncias
1101 3264 1192 3338 tres,
1215 3250 1415 3347 plantaginis
1440 3258 1527 3331 viri·

556 3354 609 3427 dis
623 3353 711 3427 tritae
722 3353 837 3429 uncias
849 3372 932 3443 tres,
942 3354 1021 3449 paffi
1032 3356 1220 3449 heminam,
1235 3359 1367 3458 ptisana
1383 3366 1443 3436 vel
1459 3368 1528 3442 lini

555 3464 692 3539 seminis
708 3462 900 3537 heminam:
916 3489 993 3560 quae
1007 3464 1054 3538 ita
1071 3485 1251 3565 temperata
1262 3523 1273 3560 ,
1285 3488 1322 3543 ut
1333 3467 1393 3567 per
1407 3500 1526 3552 cornu

554 3573 719 3658 defluant,
733 3596 792 3668 per
813 3571 981 3662 triduum,
997 3575 1076 3666 vel,
1098 3596 1135 3649 ut
1151 3579 1321 3653 necellitas
1344 3583 1452 3681 cogit,
1467 3613 1526 3682 per

553 3684 670 3782 plures
686 3684 776 3771 dies,
789 3680 910 3774 jejunis
930 3684 1077 3782 singulos
1097 3686 1261 3762 sextarios
1271 3690 1378 3767 dabis.
1393 3695 1524 3795 Despe-

553 3813 661 3867 ratam
675 3795 784 3867 tuffim
802 3795 887 3893 sape
901 3800 1033 3872 curavit
1045 3795 1144 3896 potio
1158 3800 1233 3873 vilis
1248 3827 1286 3876 ac
1303 3801 1428 3879 facilis:
1444 3811 1524 3881 Pul·

553 3904 649 3979 veris
666 3930 708 3975 ex
723 3902 799 3976 faba
818 3904 934 3978 uncias
947 3906 1025 3997 sex,
1040 3907 1189 4004 pulveris
1206 3933 1248 3982 ex
1271 3909 1372 3984 foeno
1394 3916 1524 3991 Graeco

553 4013 668 4100 uncias
688 4013 1115 4103 sex,enulaetunsaes1ccae
1131 4018 1285 4115 pulveris
1305 4025 1428 4098 uncias
1443 4026 1524 4119 sex,

551 4123 704 4219 pulveris
726 4116 901 4223 anagallici
918 4128 1135 4234 tunsrxuncias
1156 4149 1243 4217 tres,
1260 4130 1382 4231 butyri
1406 4139 1524 4213 uncias

552 4229 633 4303 sex:
649 4258 725 4328 quae
737 4234 853 4305 omnia
868 4259 944 4307 cum
958 4235 1064 4307 tribus
1084 4238 1167 4308 boni
1183 4237 1256 4309 vini
1274 4238 1454 4333 scutariis,
1469 4248 1524 4319 ad·

554 4338 696 4437 diroque
717 4345 797 4441 paffi
819 4342 963 4419 sextario
978 4369 1049 4419 uno
1068 4345 1183 4439 semis,
1202 4348 1331 4445 pariter
1352 4354 1524 4449 agitabis,
