3875 5759
465 873 591 988 1ηθΙ
666 814 1309 955 vastantia-r..

480 1036 565 1124 ssat,
583 1037 696 1131 &per
716 1059 812 1106 nares
835 1057 984 1128 emanat,
1001 1036 1060 1135 qui
1081 1038 1237 1123 difficile,
1252 1038 1443 1140 velutirui

480 1143 548 1241 ptis
569 1143 664 1216 venis
682 1140 797 1214 labore
813 1145 851 1217 &
865 1140 1001 1234 calore,
1017 1146 1274 1245 substringitur,
1296 1152 1332 1224 δι
1345 1151 1445 1222 velo·

481 1248 640 1322 ciffimam
659 1244 759 1318 etiam
783 1248 930 1343 postulat
944 1251 1157 1326 medicinam.
1171 1257 1317 1329 Succum
1329 1256 1457 1355 itaque·

481 1361 602 1434 viridis
621 1359 815 1451 coriandri,
836 1365 894 1435 vel
918 1364 942 1435 sr
968 1364 1131 1457 desuerit,
1146 1367 1240 1463 porri
1257 1366 1353 1440 sativi
1367 1367 1446 1448 suc-e

480 1498 557 1547 cum
577 1470 612 1542 in
626 1470 761 1543 naribus
784 1472 1004 1569 periclitantis
1025 1473 1204 1549 infundes:
1222 1475 1361 1574 pollinis
1381 1476 1448 1549 tri-'

481 1582 574 1679 ticei
589 1582 811 1675 drachmam,
833 1585 917 1659 turis
948 1586 1153 1683 pulverizati
1182 1587 1373 1662 drachmam
1405 1613 1418 1659 r
1431 1638 1447 1675 ,
1474 1597 1480 1605 ‘

479 1695 656 1793 anagallici
673 1696 806 1770 unciam
831 1723 862 1787 ι,
878 1697 983 1795 amyli
1005 1695 1244 1788 semiunciam,
1258 1697 1450 1771 commixta

481 1809 577 1883 &in
604 1828 671 1882 tres
692 1829 802 1907 partes
824 1809 951 1899 divisa,
969 1834 1012 1881 ex
1039 1808 1125 1883 vino
1150 1808 1250 1908 nigro
1276 1807 1450 1881 suffundes

482 1920 640 2010 naribus,
657 1921 925 2020 sanguinemque
945 1918 1140 2017 praecludet.

531 2031 602 2103 tv.
618 2029 755 2102 Animal
775 2028 936 2127 sanguine
952 2027 1107 2100 laborare
1123 2029 1196 2101 haec
1220 2026 1312 2125 figna
1335 2024 1451 2099 decla-⁴
1483 2023 1488 2040 ”

485 2160 578 2213 tant:
592 2139 698 2213 Oculi
712 2140 909 2227 tumebunt,
927 2137 1087 2236 frigidum
1105 2138 1170 2211 erit
1183 2161 1307 2233 corpus
1320 2139 1358 2209 dc
1373 2160 1453 2208 cer-

484 2250 569 2338 vix,
585 2250 715 2322 tristitia
737 2248 970 2345 fastidiumque
983 2248 1161 2347 jungetur,
1176 2237 1377 2343 difficileque
1390 2262 1454 2319 cu*

484 2358 624 2433 rabitur.
653 2360 725 2432 Hac
752 2358 884 2432 ratione
907 2359 1103 2450 curandum.
1131 2363 1162 2431 A
1187 2358 1268 2432 cibo
1297 2372 1471 2452 potuque

485 2470 746 2566 temperabitur,
762 2471 939 2567 somnique
956 2470 1187 2567 indulgebitur
1208 2469 1308 2571 copia
1334 2465 1462 2538 molli·.

395 2619 406 2642 ι
483 2582 548 2664 hus
573 2579 788 2671 stratis‚tum
806 2582 848 2655 de
863 2580 1203 2679 matri'ce‚quantum
1226 2579 1315 2652 ratio
1325 2576 1453 2675 'postu-

485 2690 629 2783 laverit,
649 2692 778 2791 sanguis
793 2692 983 2780 auferatur,
997 2717 1060 2766 nec
1078 2690 1231 2790 potionis
1247 2715 1327 2764 cura
1350 2685 1452 2762 cessa·

486 2802 548 2878 bit.
564 2804 714 2877 Succum
733 2803 846 2899 itaque
868 2801 986 2903 viridis
1006 2800 1204 2890 coriandri,
1228 2794 1285 2873 'vel
1298 2796 1323 2869 sr
1338 2795 1453 2868 defue-

487 2911 554 3005 rit,
574 2913 669 3007 porri
689 2912 828 3000 sedivi,
844 2911 1021 3007 trixaginis
1042 2935 1179 3007 quoque
1203 2913 1241 2983 δι
1262 2925 1454 2981 centaureae

488 3010 739 3109 violaceae,'&
762 3019 842 3091 nitri
866 3020 953 3114 aequi
987 3019 1159 3115 ponderis·
1174 3018 1319 3089 mixtura
1347 3016 1453 3089 inun-

486 3126 587 3223 gitur.
615 3127 668 3194 Ex
692 3126 816 3222 quibus
847 3125 951 3212 tunsis
981 3147 1083 3223 atque
1111 3126 1263 3199 cribratis
1291 3125 1454 3198 diurnum

486 3233 666 3308 cochleare
686 3256 729 3304 ex
752 3233 883 3304 hemina
902 3258 998 3329 aquae
1014 3231 1134 3331 tepidae
1155 3233 1356 3307 infundatur
1378 3235 1480 3308 sau·.

488 3342 595 3418 cibus.
609 3341 698 3434 Quae
712 3339 810 3437 potio
826 3341 1034 3415 humores&
1049 3343 1240 3440 sanguinem
1251 3399 1262 3434 ,
1274 3339 1455 3419 imminen-

368 3447 371 3454 ’
488 3450 607 3547 tesque
628 3448 712 3521 alios
737 3450 878 3521 morbos
902 3469 1044 3548 purgat,
1061 3452 1219 3548 prohibet
1242 3456 1280 3527 &
1302 3451 1405 3529 sanat.
1484 3523 1496 3554 ἱ

548 3562 635 3633 LVl.
657 3558 824 3631 Obscurus
846 3559 1064 3657 difficilesque
1086 3586 1181 3635 curas
1208 3563 1315 3658 prima
1338 3562 1456 3640 fronte
1485 3652 1487 3656 y

490 3669 703 3769 digessimus,
724 3671 970 3768 consequenter
990 3673 1032 3745 ad
1055 3691 1164 3747 cetera
1185 3698 1382 3771 pergentes:
1398 3677 1457 3751 sed

491 3779 708 3853 necessarium
730 3781 895 3853 credimus
925 3782 1099 3855 ostendere
1118 3785 1290 3869 rationeS,
1309 3811 1351 3857 ex
1374 3786 1457 3884 qui-

491 3889 557 3961 bus
577 3886 791 3962 incolumitas
818 3888 1056 3980 jumentorum,
1072 3891 1269 3989 incorrupta
1289 3894 1458 3973 servetur.

492 3996 617 4073 Melius
644 3997 806 4069 enim'est
830 3994 982 4097 diligenti
1004 3999 1114 4072 stud-io
1139 4001 1304 4074 custodire
1332 4000 1459 4088 sanita-

492 4127 585 4201 tem,
607 4100 709 4206 quam
731 4109 984 4206 aegritudinibus
1007 4109 1161 4205 praellare
1174 4108 1333 4183 remedia.
1362 4111 1455 4185 Dili-

491 4243 573 4316 gens
591 4220 704 4319 itaque
717 4220 876 4294 dominus
890 4220 1054 4293 stabulum
1067 4207 1273 4319 ¹frequenter
1288 4219 1455 4312 intrabit,

397 4344 401 4351 '
493 4329 531 4402 &
550 4331 696 4427 primum
716 4332 809 4409 dabit
821 4333 989 4430 operam,
1005 4350 1042 4405 ut
1067 4332 1183 4407 stratus
1203 4333 1344 4430 pontilis
1372 4336 1455 4408 emi·
