3875 5759
611 877 982 951 atravatrum.
1008 878 1107 951 srva
1131 879 1315 966 Morou
1377 880 1442 977 381

481 1053 554 1109 tum
579 1060 655 1108 cum
676 1035 966 1126 bibetit‚inflatur
985 1036 1023 1109 δι
1050 1035 1164 1110 sufflat.
1187 1039 1258 1109 Hac
1280 1061 1357 1110 eum
1383 1062 1439 1110 ra·

482 1144 579 1215 tione
600 1146 755 1218 curabis:
771 1146 903 1220 Cineris
920 1148 977 1219 vel
992 1147 1104 1219 lixivii
1127 1147 1303 1221 sextarium
1314 1175 1446 1237 unum,

482 1249 616 1325 seminis
630 1253 830 1353 plantaginis
845 1253 960 1326 un‘cias
980 1277 1018 1352 5,
1034 1274 1188 1329 conteres
1203 1258 1242 1329 &
1257 1280 1333 1329 cum
1356 1256 1443 1328 vino
1471 1265 1475 1276 '

482 1362 634 1437 dabis&
658 1364 740 1436 oleo
763 1363 938 1450 celeriter,
958 1363 1062 1460 usque
1084 1387 1154 1460 quo
1181 1364 1320 1436 reddeat
1343 1361 1443 1435 infla·

481 1472 543 1544 tio.
569 1473 636 1545 atii
656 1476 807 1557 nudiores
823 1475 984 1563 afferunt,
999 1475 1041 1547 ab
1057 1473 1220 1549 umbilico
1236 1474 1376 1553 duobus
1391 1474 1445 1545 di·

482 1580 561 1677 gitis
581 1605 702 1656 contra
720 1585 832 1680 pedus
854 1584 985 1682 plagam
1004 1581 1080 1655 sieri
1094 1584 1233 1669 debere,
1248 1580 1442 1657 &fistulam

481 1689 590 1784 poni,
611 1694 649 1765 δι
662 1694 761 1767 educi
781 1696 956 1767 humorem
973 1693 1031 1764 vel
1044 1717 1165 1789 aquam
1185 1690 1321 1763 noxiam
1336 1691 1442 1790 usque

481 1798 523 1869 ad
546 1797 705 1873 sextarios
723 1820 810 1892 tres,
826 1803 881 1875 vel
903 1796 1105 1894 amplius,fi
1127 1796 1233 1887 major
1248 1796 1294 1869 est
1317 1816 1443 1872 tumor.

482 1906 547 1977 Sed
566 1909 694 1980 cautius
714 1911 780 1997 ed,
796 1934 855 2005 per
867 1928 980 2003 partes
999 1905 1086 1999 saepe
1105 1904 1246 1994 tollere,
1262 1929 1304 1976 ne
1326 1930 1444 1999 repen-

465 2014 553 2088 'tina
571 2019 752 2091 exsiccatio
773 2019 962 2114 periculum
986 2013 1095 2087 faciat.
1112 2013 1315 2087 Potionibus
1341 2035 1444 2086 uten·
1464 2049 1467 2054 ·

481 2125 562 2194 dum
583 2126 647 2195 esse
670 2128 810 2214 dicunt,
824 2151 899 2223 quae
916 2126 1031 2198 urinas
1048 2143 1235 2213 moveant,
1249 2121 1463 2224 frequenter,
1523 2165 1530 2186 ·

482 2232 582 2302 etiam
606 2230 864 2326 confricandum
882 2230 968 2318 esse,
981 2249 1018 2302 ut
1042 2230 1159 2321 sudet,
1176 2254 1239 2324 pro
1254 2228 1352 2302 foeno
1365 2256 1444 2328 gra·
1529 2265 1534 2280 ‹

481 2365 560 2411 men
579 2338 747 2434 accipiet,
760 2341 796 2411 δι
812 2363 881 2435 pro
900 2338 1034 2411 hordeo
1059 2336 1149 2411 cicer
1164 2336 1323 2410 infusum·
1338 2330 1448 2424 Prod-¹

482 2447 547 2535 esse
563 2448 661 2519 etiarn
688 2449 820 2532 dicunt,
834 2448 858 2520 sr
873 2449 960 2543 inter
980 2446 1221 2545 pigmentarios
1241 2448 1443 2546 frequentis·

480 2555 562 2626 fime
575 2557 764 2630 deambulet
781 2557 929 2640 animal:
951 2557 1030 2654 quia
1049 2556 1171 2628 diversi
1192 2559 1317 2630 odores
1335 2558 1443 2630 laten·
1462 2631 1464 2635 ,

481 2682 532 2737 tes
552 2666 941 2761 pulmonibusprosunt.
957 2666 1138 2740 Potionem
1153 2666 1249 2738 etiam
1268 2665 1443 2761 hujusmo·
1556 2711 1558 2715 >

482 2775 516 2847 di
530 2776 609 2847 dant
622 2802 632 2847 ε
647 2775 890 2850 Petroselinum
899 2778 940 2850 .&
957 2775 1044 2846 mala
1057 2792 1193 2871 granata
1206 2777 1442 2864 contundunt,

483 2885 522 2956 &
545 2908 622 2955 cum
645 2884 730 2957 vino
749 2885 854 2957 veteri
874 2909 933 2981 per
952 2909 993 2957 os
1014 2885 1178 2981 digerunt.
1204 2886 1331 2981 Apium
1351 2914 1442 2983 quo·

484 3014 572 3085 que,
585 3011 749 3085 quantum
771 3011 927 3087 appetere
944 2992 1116 3083 voluerit,
1133 2993 1253 3067 offeres
1272 2997 1314 3066 ad
1339 2998 1443 3068 eden·

484 3101 577 3172 dum.
601 3101 757 3199 Asparagi
771 3102 929 3174 silvestris
954 3102 1074 3176 radicis
1098 3104 1213 3175 uncias
1230 3131 1249 3176 2
1270 3129 1348 3176 cum
1366 3106 1441 3175 vini

485 3211 611 3282 veteris
632 3211 777 3284 sextario
799 3210 982 3309 decoquis,
998 3229 1035 3284 ut
1048 3209 1089 3284 ad
1105 3212 1236 3285 tertiam
1257 3214 1391 3305 redeat,
1405 3216 1443 3287 &

485 3321 528 3392 ad
550 3322 717 3393 heminam
742 3347 802 3416 per
819 3347 859 3394 os
884 3323 1023 3419 digeras.
1122 3351 1126 3364 ·

534 3432 680 3501 xxvu.
694 3430 958 3526 Tympaniticus
980 3455 1118 3526 quoque
1141 3432 1336 3530 hydropico
1353 3434 1447 3505 fimi-³

487 3534 528 3604 lis
557 3536 626 3620 est,
647 3534 701 3605 sed
722 3535 797 3604 aliis
822 3534 1015 3629 agnoscitur
1032 3535 1142 3634 signis.
1166 3561 1284 3628 venter
1309 3538 1447 3635 quidem

486 3642 559 3736 ejus
577 3642 696 3714 crescit
711 3643 749 3714 ut'
760 3641 964 3740 hydropici,
979 3647 1016 3716 δι
1035 3646 1154 3719 cervix
1165 3646 1203 3719 sit
1218 3648 1359 3745 rigidior
1370 3675 1381 3735 ;
1393 3648 1448 3720 sed

487 3776 553 3823 nec
566 3749 732 3837 testiculi,
747 3776 809 3823 nec
825 3776 925 3824 crura
943 3752 1180 3832 intumescunt.
1197 3757 1375 3837 Convenit
1387 3756 1447 3826 ita·

449 3953 452 3958 .
486 3884 555 3955 que
583 3861 808 3957 tympanitico
828 3860 972 3934 calidum
996 3859 1140 3934 cinerem
1164 3889 1239 3935 cum
1263 3864 1446 3959 liquamine
1513 3862 1515 3868 ’

488 3967 623 4057 optimo
644 3967 679 4037 in
699 3992 812 4062 panno
827 4020 840 4056 ,
853 3971 909 4041 ves
933 3970 1078 4042 linteolo
1099 3972 1262 4045 umbilico
1287 3973 1342 4046 vel
1361 3998 1448 4045 ven·

489 4075 534 4147 tti
554 4076 768 4169 supponere,
783 4080 820 4150 &
841 4076 1153 4175 fasciisscosligare,
1178 4082 1232 4156 sed
1254 4109 1274 4157 a
1296 4085 1448 4179 pluribus
1539 4177 1541 4182 Ι

489 4183 611 4254 animal
637 4187 815 4258 tenendum
835 4186 899 4273 est,
914 4212 956 4258 ne
984 4187 1143 4259 luctando
1164 4209 1302 4261 moveat
1326 4191 1449 4287 ligatu-

489 4314 551 4363 ras,
573 4290 734 4365 Radicem
755 4294 913 4389 panacis,
936 4294 975 4367 sil
996 4293 1164 4368 Gallicum
1184 4296 1308 4391 pariter
1331 4317 1447 4371 conte·
