<?xml version="1.0" encoding="UTF-8"?>
<!DOCTYPE html PUBLIC "-//W3C//DTD XHTML 1.0 Transitional//EN"
    "http://www.w3.org/TR/xhtml1/DTD/xhtml1-transitional.dtd">
<html xmlns="http://www.w3.org/1999/xhtml" xml:lang="en" lang="en">
 <head>
  <title>
</title>
<meta http-equiv="Content-Type" content="text/html;charset=utf-8" />
  <meta name='ocr-system' content='tesseract 3.04.00' />
  <meta name='ocr-capabilities' content='ocr_page ocr_carea ocr_par ocr_line ocrx_word'/>
</head>
<body>
  <div class='ocr_page' id='page_1' title='image "./scriptoresreiru00gesngoog_0206.png"; bbox 0 0 3875 5759; ppageno 0'>
   <div class='ocr_carea' id='block_1_1' title="bbox 567 921 1435 1017">
    <p class='ocr_par' dir='ltr' id='par_1_1' title="bbox 567 921 1435 1017">
     <span class='ocr_line' id='line_1_1' title="bbox 567 921 1435 1017; baseline -0.003 -21"><span class='ocrx_word' id='word_1_1' title='bbox 567 921 1435 1017; x_wconf 70' lang='lat' dir='ltr'>·m4PALLAD11RUT1LH</span> 
     </span>
    </p>
   </div>
   <div class='ocr_carea' id='block_1_2' title="bbox 569 1076 1568 2369">
    <p class='ocr_par' dir='ltr' id='par_1_2' title="bbox 569 1076 1568 2369">
     <span class='ocr_line' id='line_1_2' title="bbox 574 1076 1535 1177; baseline 0.002 -24"><span class='ocrx_word' id='word_1_2' title='bbox 574 1080 682 1154; x_wconf 84' lang='lat' dir='ltr'>clausa</span> <span class='ocrx_word' id='word_1_3' title='bbox 701 1079 921 1174; x_wconf 89' lang='lat' dir='ltr'>suspendunt,</span> <span class='ocrx_word' id='word_1_4' title='bbox 941 1097 1042 1177; x_wconf 89' lang='lat' dir='ltr'>atque</span> <span class='ocrx_word' id='word_1_5' title='bbox 1060 1077 1106 1152; x_wconf 88' lang='lat' dir='ltr'>ita</span> <span class='ocrx_word' id='word_1_6' title='bbox 1122 1077 1159 1151; x_wconf 86' lang='lat' dir='ltr'>in</span> <span class='ocrx_word' id='word_1_7' title='bbox 1180 1103 1238 1150; x_wconf 85' lang='lat' dir='ltr'>vas</span> <span class='ocrx_word' id='word_1_8' title='bbox 1252 1076 1322 1151; x_wconf 84' lang='lat' dir='ltr'>olei</span> <span class='ocrx_word' id='word_1_9' title='bbox 1338 1078 1535 1155; x_wconf 87' lang='lat' dir='ltr'>demittunt.</span> 
     </span>
     <span class='ocr_line' id='line_1_3' title="bbox 573 1184 1531 1285; baseline 0 -23"><span class='ocrx_word' id='word_1_10' title='bbox 573 1188 687 1285; x_wconf 80' lang='lat' dir='ltr'>postea</span> <span class='ocrx_word' id='word_1_11' title='bbox 707 1189 813 1261; x_wconf 88' lang='lat' dir='ltr'>tribus</span> <span class='ocrx_word' id='word_1_12' title='bbox 826 1187 942 1261; x_wconf 86' lang='lat' dir='ltr'>diebus</span> <span class='ocrx_word' id='word_1_13' title='bbox 955 1185 1096 1261; x_wconf 83' lang='lat' dir='ltr'>exemtis</span> <span class='ocrx_word' id='word_1_14' title='bbox 1109 1185 1285 1275; x_wconf 85' lang='lat' dir='ltr'>auserunt,</span> <span class='ocrx_word' id='word_1_15' title='bbox 1302 1187 1340 1260; x_wconf 78' lang='lat' dir='ltr'>dc</span> <span class='ocrx_word' id='word_1_16' title='bbox 1359 1184 1475 1260; x_wconf 89' lang='lat' dir='ltr'>oleum</span> <span class='ocrx_word' id='word_1_17' title='bbox 1493 1188 1531 1263; x_wconf 89' lang='lat' dir='ltr'>in</span> 
     </span>
     <span class='ocr_line' id='line_1_4' title="bbox 571 1295 1568 1390; baseline 0.002 -19"><span class='ocrx_word' id='word_1_18' title='bbox 571 1298 635 1373; x_wconf 88' lang='lat' dir='ltr'>alia</span> <span class='ocrx_word' id='word_1_19' title='bbox 661 1297 736 1370; x_wconf 86' lang='lat' dir='ltr'>vasa</span> <span class='ocrx_word' id='word_1_20' title='bbox 753 1296 999 1370; x_wconf 86' lang='lat' dir='ltr'>transfundunt.</span> <span class='ocrx_word' id='word_1_21' title='bbox 1020 1295 1170 1390; x_wconf 84' lang='lat' dir='ltr'>Quidam</span> <span class='ocrx_word' id='word_1_22' title='bbox 1196 1297 1335 1370; x_wconf 88' lang='lat' dir='ltr'>mittunt</span> <span class='ocrx_word' id='word_1_23' title='bbox 1361 1297 1531 1373; x_wconf 82' lang='lat' dir='ltr'>vetustum</span> <span class='ocrx_word' id='word_1_24' title='bbox 1564 1313 1568 1329; x_wconf 83' lang='lat'><em>&#39;</em></span> 
     </span>
     <span class='ocr_line' id='line_1_5' title="bbox 573 1405 1531 1504; baseline 0.004 -24"><span class='ocrx_word' id='word_1_25' title='bbox 573 1409 709 1480; x_wconf 87' lang='lat' dir='ltr'>laterem</span> <span class='ocrx_word' id='word_1_26' title='bbox 727 1405 951 1502; x_wconf 68' lang='lat' dir='ltr'>torrefactum.</span> <span class='ocrx_word' id='word_1_27' title='bbox 970 1405 1122 1504; x_wconf 81' lang='lat' dir='ltr'>plerique</span> <span class='ocrx_word' id='word_1_28' title='bbox 1140 1406 1321 1483; x_wconf 81' lang='lat' dir='ltr'>ordeaceos</span> <span class='ocrx_word' id='word_1_29' title='bbox 1338 1430 1440 1503; x_wconf 83' lang='lat' dir='ltr'>pauet</span> <span class='ocrx_word' id='word_1_30' title='bbox 1453 1409 1531 1484; x_wconf 89' lang='lat' dir='ltr'>bre·</span> 
     </span>
     <span class='ocr_line' id='line_1_6' title="bbox 572 1512 1533 1616; baseline 0.002 -27"><span class='ocrx_word' id='word_1_31' title='bbox 572 1515 662 1589; x_wconf 82' lang='lat' dir='ltr'>viter</span> <span class='ocrx_word' id='word_1_32' title='bbox 679 1512 838 1613; x_wconf 84' lang='lat' dir='ltr'>figuratos</span> <span class='ocrx_word' id='word_1_33' title='bbox 849 1568 862 1606; x_wconf 88' lang='lat'>,</span> <span class='ocrx_word' id='word_1_34' title='bbox 875 1516 912 1589; x_wconf 92' lang='lat'>&amp;</span> <span class='ocrx_word' id='word_1_35' title='bbox 927 1540 1007 1589; x_wconf 91' lang='lat' dir='ltr'>raro</span> <span class='ocrx_word' id='word_1_36' title='bbox 1031 1514 1138 1588; x_wconf 88' lang='lat' dir='ltr'>linteo</span> <span class='ocrx_word' id='word_1_37' title='bbox 1153 1514 1332 1590; x_wconf 82' lang='lat' dir='ltr'>involutos</span> <span class='ocrx_word' id='word_1_38' title='bbox 1346 1539 1533 1616; x_wconf 84' lang='lat' dir='ltr'>mergunt,</span> 
     </span>
     <span class='ocr_line' id='line_1_7' title="bbox 571 1621 1531 1724; baseline 0.001 -25"><span class='ocrx_word' id='word_1_39' title='bbox 571 1626 609 1699; x_wconf 77' lang='grc' dir='ltr'>δι</span> <span class='ocrx_word' id='word_1_40' title='bbox 631 1648 745 1724; x_wconf 75' lang='lat' dir='ltr'>novor</span> <span class='ocrx_word' id='word_1_41' title='bbox 759 1623 899 1701; x_wconf 83' lang='lat' dir='ltr'>subinde</span> <span class='ocrx_word' id='word_1_42' title='bbox 912 1641 1125 1720; x_wconf 85' lang='lat' dir='ltr'>permutant:</span> <span class='ocrx_word' id='word_1_43' title='bbox 1139 1621 1198 1696; x_wconf 92' lang='lat' dir='ltr'>ubi</span> <span class='ocrx_word' id='word_1_44' title='bbox 1210 1621 1278 1696; x_wconf 89' lang='lat' dir='ltr'>hoc</span> <span class='ocrx_word' id='word_1_45' title='bbox 1292 1624 1410 1697; x_wconf 77' lang='lat' dir='ltr'>bisant</span> <span class='ocrx_word' id='word_1_46' title='bbox 1426 1627 1531 1700; x_wconf 91' lang='lat' dir='ltr'>tertio</span> 
     </span>
     <span class='ocr_line' id='line_1_8' title="bbox 572 1729 1528 1827; baseline 0.006 -23"><span class='ocrx_word' id='word_1_47' title='bbox 572 1730 734 1821; x_wconf 83' lang='lat' dir='ltr'>fecerint,</span> <span class='ocrx_word' id='word_1_48' title='bbox 753 1732 835 1806; x_wconf 88' lang='lat' dir='ltr'>sales</span> <span class='ocrx_word' id='word_1_49' title='bbox 855 1733 1019 1827; x_wconf 84' lang='lat' dir='ltr'>mittunt,</span> <span class='ocrx_word' id='word_1_50' title='bbox 1040 1733 1078 1809; x_wconf 74' lang='lat' dir='ltr'>dl</span> <span class='ocrx_word' id='word_1_51' title='bbox 1097 1729 1133 1804; x_wconf 89' lang='lat' dir='ltr'>in</span> <span class='ocrx_word' id='word_1_52' title='bbox 1156 1730 1221 1806; x_wconf 85' lang='lat' dir='ltr'>asia</span> <span class='ocrx_word' id='word_1_53' title='bbox 1241 1731 1318 1808; x_wconf 86' lang='lat' dir='ltr'>vasa</span> <span class='ocrx_word' id='word_1_54' title='bbox 1333 1734 1528 1810; x_wconf 81' lang='lat' dir='ltr'>translatum</span> 
     </span>
     <span class='ocr_line' id='line_1_9' title="bbox 569 1841 1529 1938; baseline 0.004 -24"><span class='ocrx_word' id='word_1_55' title='bbox 569 1867 631 1938; x_wconf 88' lang='lat' dir='ltr'>per</span> <span class='ocrx_word' id='word_1_56' title='bbox 654 1867 779 1937; x_wconf 84' lang='lat' dir='ltr'>paucos</span> <span class='ocrx_word' id='word_1_57' title='bbox 800 1841 870 1915; x_wconf 87' lang='lat' dir='ltr'>dies</span> <span class='ocrx_word' id='word_1_58' title='bbox 893 1841 1061 1914; x_wconf 85' lang='lat' dir='ltr'>subsidere</span> <span class='ocrx_word' id='word_1_59' title='bbox 1086 1841 1269 1936; x_wconf 89' lang='lat' dir='ltr'>patiuntur.</span> <span class='ocrx_word' id='word_1_60' title='bbox 1290 1844 1400 1936; x_wconf 86' lang='lat' dir='ltr'>Quod</span> <span class='ocrx_word' id='word_1_61' title='bbox 1417 1844 1441 1916; x_wconf 84' lang='lat' dir='ltr'>fi</span> <span class='ocrx_word' id='word_1_62' title='bbox 1461 1845 1529 1923; x_wconf 80' lang='lat' dir='ltr'>ali·</span> 
     </span>
     <span class='ocr_line' id='line_1_10' title="bbox 570 1946 1531 2050; baseline 0.006 -26"><span class='ocrx_word' id='word_1_63' title='bbox 570 1946 664 2050; x_wconf 82' lang='lat' dir='ltr'>quod</span> <span class='ocrx_word' id='word_1_64' title='bbox 682 1952 806 2026; x_wconf 87' lang='lat' dir='ltr'>animal</span> <span class='ocrx_word' id='word_1_65' title='bbox 828 1951 917 2026; x_wconf 90' lang='lat' dir='ltr'>sorte</span> <span class='ocrx_word' id='word_1_66' title='bbox 940 1949 1125 2041; x_wconf 90' lang='lat' dir='ltr'>deciderit,</span> <span class='ocrx_word' id='word_1_67' title='bbox 1148 1954 1184 2025; x_wconf 74' lang='grc' dir='ltr'>δι</span> <span class='ocrx_word' id='word_1_68' title='bbox 1211 1950 1326 2040; x_wconf 84' lang='lat' dir='ltr'>oleum</span> <span class='ocrx_word' id='word_1_69' title='bbox 1350 1954 1531 2050; x_wconf 82' lang='lat' dir='ltr'>putredine</span> 
     </span>
     <span class='ocr_line' id='line_1_11' title="bbox 569 2059 1527 2153; baseline 0.002 -16"><span class='ocrx_word' id='word_1_70' title='bbox 569 2088 610 2137; x_wconf 89' lang='lat' dir='ltr'>ac</span> <span class='ocrx_word' id='word_1_71' title='bbox 632 2063 753 2136; x_wconf 89' lang='lat' dir='ltr'>nidore</span> <span class='ocrx_word' id='word_1_72' title='bbox 772 2062 969 2150; x_wconf 79' lang='lat' dir='ltr'>vitiaverit,</span> <span class='ocrx_word' id='word_1_73' title='bbox 990 2059 1106 2153; x_wconf 84' lang='lat' dir='ltr'>jubent</span> <span class='ocrx_word' id='word_1_74' title='bbox 1128 2063 1241 2135; x_wconf 79' lang='lat' dir='ltr'>Graeci</span> <span class='ocrx_word' id='word_1_75' title='bbox 1266 2062 1436 2138; x_wconf 84' lang='lat' dir='ltr'>coriandri</span> <span class='ocrx_word' id='word_1_76' title='bbox 1458 2091 1527 2139; x_wconf 90' lang='lat' dir='ltr'>ma·</span> 
     </span>
     <span class='ocr_line' id='line_1_12' title="bbox 569 2169 1530 2270; baseline 0.002 -23"><span class='ocrx_word' id='word_1_77' title='bbox 569 2171 723 2268; x_wconf 87' lang='lat' dir='ltr'>uipulum</span> <span class='ocrx_word' id='word_1_78' title='bbox 744 2171 780 2243; x_wconf 94' lang='lat' dir='ltr'>in</span> <span class='ocrx_word' id='word_1_79' title='bbox 800 2170 871 2242; x_wconf 85' lang='lat' dir='ltr'>olei</span> <span class='ocrx_word' id='word_1_80' title='bbox 892 2189 1030 2242; x_wconf 86' lang='lat' dir='ltr'>metreta</span> <span class='ocrx_word' id='word_1_81' title='bbox 1045 2169 1222 2266; x_wconf 87' lang='lat' dir='ltr'>suspendi,</span> <span class='ocrx_word' id='word_1_82' title='bbox 1238 2190 1336 2268; x_wconf 87' lang='lat' dir='ltr'>atque</span> <span class='ocrx_word' id='word_1_83' title='bbox 1355 2173 1400 2246; x_wconf 89' lang='lat' dir='ltr'>ira</span> <span class='ocrx_word' id='word_1_84' title='bbox 1413 2173 1530 2270; x_wconf 72' lang='lat' dir='ltr'>paucis</span> 
     </span>
     <span class='ocr_line' id='line_1_13' title="bbox 569 2275 1527 2369; baseline 0.002 -18"><span class='ocrx_word' id='word_1_85' title='bbox 569 2279 685 2351; x_wconf 88' lang='lat' dir='ltr'>diebus</span> <span class='ocrx_word' id='word_1_86' title='bbox 707 2301 853 2350; x_wconf 88' lang='lat' dir='ltr'>manere.</span> <span class='ocrx_word' id='word_1_87' title='bbox 876 2276 900 2348; x_wconf 82' lang='lat' dir='ltr'>fi</span> <span class='ocrx_word' id='word_1_88' title='bbox 922 2275 1008 2349; x_wconf 87' lang='lat' dir='ltr'>nihil</span> <span class='ocrx_word' id='word_1_89' title='bbox 1028 2276 1070 2348; x_wconf 88' lang='lat' dir='ltr'>de</span> <span class='ocrx_word' id='word_1_90' title='bbox 1092 2275 1212 2349; x_wconf 87' lang='lat' dir='ltr'>nidore</span> <span class='ocrx_word' id='word_1_91' title='bbox 1239 2276 1433 2369; x_wconf 82' lang='lat' dir='ltr'>decusserit,</span> <span class='ocrx_word' id='word_1_92' title='bbox 1449 2305 1527 2353; x_wconf 88' lang='lat' dir='ltr'>utu·</span> 
     </span>
    </p>
   </div>
   <div class='ocr_carea' id='block_1_3' title="bbox 410 2383 1528 2589">
    <p class='ocr_par' dir='ltr' id='par_1_3' title="bbox 410 2383 1528 2589">
     <span class='ocr_line' id='line_1_14' title="bbox 410 2383 1527 2479; baseline 0.007 -25"><span class='ocrx_word' id='word_1_93' title='bbox 410 2438 422 2449; x_wconf 76' lang='lat'>„</span> <span class='ocrx_word' id='word_1_94' title='bbox 514 2414 519 2431; x_wconf 92' lang='lat'><strong>·</strong></span> <span class='ocrx_word' id='word_1_95' title='bbox 569 2386 709 2467; x_wconf 86' lang='lat' dir='ltr'>tandum</span> <span class='ocrx_word' id='word_1_96' title='bbox 730 2385 777 2458; x_wconf 85' lang='lat' dir='ltr'>est</span> <span class='ocrx_word' id='word_1_97' title='bbox 797 2385 1042 2477; x_wconf 76' lang='lat' dir='ltr'>coriandrum,</span> <span class='ocrx_word' id='word_1_98' title='bbox 1059 2384 1171 2457; x_wconf 87' lang='lat' dir='ltr'>donec</span> <span class='ocrx_word' id='word_1_99' title='bbox 1192 2383 1361 2479; x_wconf 81' lang='lat' dir='ltr'>strperetur</span> <span class='ocrx_word' id='word_1_100' title='bbox 1378 2387 1448 2461; x_wconf 86' lang='lat' dir='ltr'>hoc</span> <span class='ocrx_word' id='word_1_101' title='bbox 1471 2387 1527 2462; x_wconf 84' lang='lat' dir='ltr'>vi·</span> 
     </span>
     <span class='ocr_line' id='line_1_15' title="bbox 438 2491 1528 2589; baseline 0.005 -25"><span class='ocrx_word' id='word_1_102' title='bbox 438 2579 440 2584; x_wconf 23' lang='grc' dir='ltr'>Ι</span> <span class='ocrx_word' id='word_1_103' title='bbox 519 2544 523 2558; x_wconf 78' lang='lat'>,</span> <span class='ocrx_word' id='word_1_104' title='bbox 569 2493 664 2567; x_wconf 88' lang='lat' dir='ltr'>tium.</span> <span class='ocrx_word' id='word_1_105' title='bbox 684 2496 748 2566; x_wconf 89' lang='lat' dir='ltr'>Sed</span> <span class='ocrx_word' id='word_1_106' title='bbox 763 2493 909 2571; x_wconf 81' lang='lat' dir='ltr'>maxime</span> <span class='ocrx_word' id='word_1_107' title='bbox 925 2491 1099 2589; x_wconf 89' lang='lat' dir='ltr'>proderit,</span> <span class='ocrx_word' id='word_1_108' title='bbox 1115 2492 1189 2586; x_wconf 79' lang='lat' dir='ltr'>post</span> <span class='ocrx_word' id='word_1_109' title='bbox 1201 2492 1300 2566; x_wconf 81' lang='lat' dir='ltr'>senos</span> <span class='ocrx_word' id='word_1_110' title='bbox 1310 2494 1380 2568; x_wconf 86' lang='lat' dir='ltr'>dies</span> <span class='ocrx_word' id='word_1_111' title='bbox 1399 2494 1528 2570; x_wconf 80' lang='lat' dir='ltr'>in&#39;v&#39;asa</span> 
     </span>
    </p>
   </div>
   <div class='ocr_carea' id='block_1_4' title="bbox 499 2598 1599 3570">
    <p class='ocr_par' dir='ltr' id='par_1_4' title="bbox 499 2598 1599 3239">
     <span class='ocr_line' id='line_1_16' title="bbox 568 2598 1528 2688; baseline 0.002 -14"><span class='ocrx_word' id='word_1_112' title='bbox 568 2602 694 2674; x_wconf 90' lang='lat' dir='ltr'>munda</span> <span class='ocrx_word' id='word_1_113' title='bbox 720 2599 921 2685; x_wconf 78' lang='lat' dir='ltr'>transserre3</span> <span class='ocrx_word' id='word_1_114' title='bbox 946 2599 1088 2688; x_wconf 88' lang='lat' dir='ltr'>melius,</span> <span class='ocrx_word' id='word_1_115' title='bbox 1113 2598 1137 2670; x_wconf 81' lang='lat' dir='ltr'>fi</span> <span class='ocrx_word' id='word_1_116' title='bbox 1165 2621 1295 2674; x_wconf 83' lang='lat' dir='ltr'>acerum</span> <span class='ocrx_word' id='word_1_117' title='bbox 1317 2621 1395 2675; x_wconf 91' lang='lat' dir='ltr'>ante</span> <span class='ocrx_word' id='word_1_118' title='bbox 1416 2600 1528 2676; x_wconf 73' lang='lat' dir='ltr'>‘vexe-</span> 
     </span>
     <span class='ocr_line' id='line_1_17' title="bbox 567 2709 1566 2810; baseline 0.003 -26"><span class='ocrx_word' id='word_1_119' title='bbox 567 2728 659 2784; x_wconf 90' lang='lat' dir='ltr'>runt.</span> <span class='ocrx_word' id='word_1_120' title='bbox 676 2711 824 2804; x_wconf 85' lang='lat' dir='ltr'>Quidam</span> <span class='ocrx_word' id='word_1_121' title='bbox 847 2709 935 2783; x_wconf 90' lang='lat' dir='ltr'>soeni</span> <span class='ocrx_word' id='word_1_122' title='bbox 952 2709 1065 2784; x_wconf 79' lang='lat' dir='ltr'>Gtaeci</span> <span class='ocrx_word' id='word_1_123' title='bbox 1080 2711 1191 2783; x_wconf 89' lang='lat' dir='ltr'>semen</span> <span class='ocrx_word' id='word_1_124' title='bbox 1208 2709 1329 2785; x_wconf 81' lang='lat' dir='ltr'>ficcurn</span> <span class='ocrx_word' id='word_1_125' title='bbox 1343 2712 1531 2810; x_wconf 83' lang='lat' dir='ltr'>tritumque</span> <span class='ocrx_word' id='word_1_126' title='bbox 1562 2802 1566 2810; x_wconf 22' lang='grc' dir='ltr'>Ι</span> 
     </span>
     <span class='ocr_line' id='line_1_18' title="bbox 499 2817 1527 2917; baseline 0.002 -28"><span class='ocrx_word' id='word_1_127' title='bbox 499 2897 502 2903; x_wconf 59' lang='grc'><em>,</em></span> <span class='ocrx_word' id='word_1_128' title='bbox 568 2819 797 2916; x_wconf 84' lang='lat' dir='ltr'>permiscent,</span> <span class='ocrx_word' id='word_1_129' title='bbox 824 2821 880 2894; x_wconf 87' lang='lat' dir='ltr'>vel</span> <span class='ocrx_word' id='word_1_130' title='bbox 906 2818 1063 2910; x_wconf 82' lang='lat' dir='ltr'>incensos</span> <span class='ocrx_word' id='word_1_131' title='bbox 1088 2817 1264 2917; x_wconf 82' lang='lat' dir='ltr'>oleaginus</span> <span class='ocrx_word' id='word_1_132' title='bbox 1289 2821 1457 2894; x_wconf 85' lang='lat' dir='ltr'>carbones</span> <span class='ocrx_word' id='word_1_133' title='bbox 1489 2820 1527 2892; x_wconf 91' lang='lat' dir='ltr'>in</span> 
     </span>
     <span class='ocr_line' id='line_1_19' title="bbox 568 2927 1527 3028; baseline 0.004 -28"><span class='ocrx_word' id='word_1_134' title='bbox 568 2927 644 3023; x_wconf 91' lang='lat' dir='ltr'>ipso</span> <span class='ocrx_word' id='word_1_135' title='bbox 664 2927 746 3001; x_wconf 90' lang='lat' dir='ltr'>oleo</span> <span class='ocrx_word' id='word_1_136' title='bbox 764 2929 958 3025; x_wconf 88' lang='lat' dir='ltr'>frequenter</span> <span class='ocrx_word' id='word_1_137' title='bbox 982 2929 1209 3028; x_wconf 76' lang='lat' dir='ltr'>exstinguunt</span> <span class='ocrx_word' id='word_1_138' title='bbox 1230 2927 1265 3001; x_wconf 90' lang='lat' dir='ltr'>Si</span> <span class='ocrx_word' id='word_1_139' title='bbox 1284 2931 1420 3005; x_wconf 85' lang='lat' dir='ltr'>acerbus</span> <span class='ocrx_word' id='word_1_140' title='bbox 1436 2930 1527 3007; x_wconf 86' lang='lat' dir='ltr'>odor</span> 
     </span>
     <span class='ocr_line' id='line_1_20' title="bbox 568 3034 1599 3138; baseline 0.013 -30"><span class='ocrx_word' id='word_1_141' title='bbox 568 3035 673 3109; x_wconf 87' lang='lat' dir='ltr'>suerit</span> <span class='ocrx_word' id='word_1_142' title='bbox 685 3089 696 3126; x_wconf 96' lang='lat'>,</span> <span class='ocrx_word' id='word_1_143' title='bbox 708 3061 784 3111; x_wconf 82' lang='lat' dir='ltr'>uvae</span> <span class='ocrx_word' id='word_1_144' title='bbox 806 3034 1044 3129; x_wconf 74' lang='lat' dir='ltr'>excrementa,</span> <span class='ocrx_word' id='word_1_145' title='bbox 1068 3064 1146 3136; x_wconf 81' lang='lat' dir='ltr'>quae</span> <span class='ocrx_word' id='word_1_146' title='bbox 1159 3038 1274 3115; x_wconf 82' lang='lat' dir='ltr'>Graeci</span> <span class='ocrx_word' id='word_1_147' title='bbox 1292 3053 1432 3138; x_wconf 56' lang='grc' dir='ltr'>γίγαρτα</span> <span class='ocrx_word' id='word_1_148' title='bbox 1454 3069 1524 3117; x_wconf 83' lang='lat' dir='ltr'>vo-</span> <span class='ocrx_word' id='word_1_149' title='bbox 1597 3116 1599 3121; x_wconf 89' lang='lat'><em>.</em></span> 
     </span>
     <span class='ocr_line' id='line_1_21' title="bbox 565 3143 1526 3239; baseline 0.009 -22"><span class='ocrx_word' id='word_1_150' title='bbox 565 3143 900 3239; x_wconf 80' lang='lat' dir='ltr'>&#39;eant,.praecipiunt,</span> <span class='ocrx_word' id='word_1_151' title='bbox 914 3145 983 3219; x_wconf 87' lang='lat' dir='ltr'>tusa</span> <span class='ocrx_word' id='word_1_152' title='bbox 997 3148 1036 3221; x_wconf 76' lang='grc' dir='ltr'>δι</span> <span class='ocrx_word' id='word_1_153' title='bbox 1048 3146 1084 3221; x_wconf 89' lang='lat' dir='ltr'>in</span> <span class='ocrx_word' id='word_1_154' title='bbox 1095 3148 1226 3220; x_wconf 81' lang='lat' dir='ltr'>massam</span> <span class='ocrx_word' id='word_1_155' title='bbox 1236 3149 1364 3222; x_wconf 68' lang='lat' dir='ltr'>redada</span> <span class='ocrx_word' id='word_1_156' title='bbox 1380 3153 1526 3227; x_wconf 85' lang='lat' dir='ltr'>mersari.</span> 
     </span>
    </p>

    <p class='ocr_par' dir='ltr' id='par_1_5' title="bbox 568 3252 1524 3570">
     <span class='ocr_line' id='line_1_22' title="bbox 617 3252 1524 3356; baseline 0.012 -32"><span class='ocrx_word' id='word_1_157' title='bbox 617 3252 714 3325; x_wconf 90' lang='lat' dir='ltr'><strong>XXI.</strong></span> <span class='ocrx_word' id='word_1_158' title='bbox 737 3252 862 3323; x_wconf 87' lang='lat' dir='ltr'>Oleum</span> <span class='ocrx_word' id='word_1_159' title='bbox 880 3252 1054 3326; x_wconf 86' lang='lat' dir='ltr'>rancidum</span> <span class='ocrx_word' id='word_1_160' title='bbox 1073 3254 1186 3329; x_wconf 69' lang='lat' dir='ltr'>Greci</span> <span class='ocrx_word' id='word_1_161' title='bbox 1200 3255 1343 3329; x_wconf 85' lang='lat' dir='ltr'>asserunt</span> <span class='ocrx_word' id='word_1_162' title='bbox 1361 3258 1407 3349; x_wconf 79' lang='lat' dir='ltr'>sic</span> <span class='ocrx_word' id='word_1_163' title='bbox 1431 3260 1524 3356; x_wconf 84' lang='lat' dir='ltr'>posse</span> 
     </span>
     <span class='ocr_line' id='line_1_23' title="bbox 568 3359 1523 3460; baseline 0.009 -27"><span class='ocrx_word' id='word_1_164' title='bbox 568 3361 688 3436; x_wconf 85' lang='lat' dir='ltr'>curari.</span> <span class='ocrx_word' id='word_1_165' title='bbox 708 3361 827 3450; x_wconf 75' lang='lat' dir='ltr'>Albam</span> <span class='ocrx_word' id='word_1_166' title='bbox 849 3359 958 3436; x_wconf 80' lang='lat' dir='ltr'>ceram</span> <span class='ocrx_word' id='word_1_167' title='bbox 973 3362 1101 3436; x_wconf 89' lang='lat' dir='ltr'>mundo</span> <span class='ocrx_word' id='word_1_168' title='bbox 1118 3366 1157 3439; x_wconf 76' lang='grc' dir='ltr'>δι</span> <span class='ocrx_word' id='word_1_169' title='bbox 1175 3364 1309 3460; x_wconf 91' lang='lat' dir='ltr'>optimo</span> <span class='ocrx_word' id='word_1_170' title='bbox 1325 3367 1406 3440; x_wconf 91' lang='lat' dir='ltr'>oleo</span> <span class='ocrx_word' id='word_1_171' title='bbox 1430 3369 1523 3442; x_wconf 88' lang='lat' dir='ltr'>reso·</span> 
     </span>
     <span class='ocr_line' id='line_1_24' title="bbox 568 3472 1522 3570; baseline 0.013 -28"><span class='ocrx_word' id='word_1_172' title='bbox 568 3472 699 3561; x_wconf 88' lang='lat' dir='ltr'>lutam,</span> <span class='ocrx_word' id='word_1_173' title='bbox 720 3476 758 3546; x_wconf 89' lang='lat'>&amp;</span> <span class='ocrx_word' id='word_1_174' title='bbox 784 3472 892 3546; x_wconf 87' lang='lat' dir='ltr'>adhuc</span> <span class='ocrx_word' id='word_1_175' title='bbox 913 3472 1098 3570; x_wconf 88' lang='lat' dir='ltr'>liquentem</span> <span class='ocrx_word' id='word_1_176' title='bbox 1124 3474 1214 3547; x_wconf 89' lang='lat' dir='ltr'>mitti</span> <span class='ocrx_word' id='word_1_177' title='bbox 1238 3475 1275 3547; x_wconf 88' lang='lat' dir='ltr'>in</span> <span class='ocrx_word' id='word_1_178' title='bbox 1293 3476 1374 3549; x_wconf 90' lang='lat' dir='ltr'>oleo</span> <span class='ocrx_word' id='word_1_179' title='bbox 1394 3475 1522 3568; x_wconf 81' lang='lat' dir='ltr'>jubent.</span> 
     </span>
    </p>
   </div>
   <div class='ocr_carea' id='block_1_5' title="bbox 375 3577 1522 3813">
    <p class='ocr_par' dir='ltr' id='par_1_6' title="bbox 375 3577 1522 3813">
     <span class='ocr_line' id='line_1_25' title="bbox 429 3577 1522 3683; baseline 0 -27"><span class='ocrx_word' id='word_1_180' title='bbox 429 3600 432 3605; x_wconf 82' lang='lat'>&#39;</span> <span class='ocrx_word' id='word_1_181' title='bbox 566 3597 649 3653; x_wconf 89' lang='lat' dir='ltr'>tnnc</span> <span class='ocrx_word' id='word_1_182' title='bbox 668 3577 748 3651; x_wconf 86' lang='lat' dir='ltr'>sales</span> <span class='ocrx_word' id='word_1_183' title='bbox 762 3577 877 3655; x_wconf 71' lang='lat' dir='ltr'>frisios</span> <span class='ocrx_word' id='word_1_184' title='bbox 890 3581 1035 3657; x_wconf 88' lang='lat' dir='ltr'>calentes</span> <span class='ocrx_word' id='word_1_185' title='bbox 1053 3582 1151 3672; x_wconf 78' lang='lat' dir='ltr'>addi,</span> <span class='ocrx_word' id='word_1_186' title='bbox 1164 3582 1315 3680; x_wconf 89' lang='lat' dir='ltr'>operiri,</span> <span class='ocrx_word' id='word_1_187' title='bbox 1334 3603 1435 3682; x_wconf 88' lang='lat' dir='ltr'>atque</span> <span class='ocrx_word' id='word_1_188' title='bbox 1454 3610 1522 3683; x_wconf 88' lang='lat' dir='ltr'>gy·</span> 
     </span>
     <span class='ocr_line' id='line_1_26' title="bbox 375 3684 1521 3813; baseline -0.002 -51"><span class='ocrx_word' id='word_1_189' title='bbox 375 3794 386 3813; x_wconf 28' lang='grc' dir='ltr'>ἱ</span> <span class='ocrx_word' id='word_1_190' title='bbox 456 3737 458 3740; x_wconf 95' lang='grc'>-</span> <span class='ocrx_word' id='word_1_191' title='bbox 567 3685 662 3782; x_wconf 88' lang='lat' dir='ltr'>psari.</span> <span class='ocrx_word' id='word_1_192' title='bbox 678 3685 723 3759; x_wconf 83' lang='lat' dir='ltr'>stc</span> <span class='ocrx_word' id='word_1_193' title='bbox 741 3684 835 3775; x_wconf 91' lang='lat' dir='ltr'>sieri,</span> <span class='ocrx_word' id='word_1_194' title='bbox 851 3708 887 3760; x_wconf 92' lang='lat' dir='ltr'>ut</span> <span class='ocrx_word' id='word_1_195' title='bbox 905 3689 1020 3761; x_wconf 90' lang='lat' dir='ltr'>oleum</span> <span class='ocrx_word' id='word_1_196' title='bbox 1035 3687 1207 3788; x_wconf 82' lang='lat' dir='ltr'>purgetur</span> <span class='ocrx_word' id='word_1_197' title='bbox 1219 3691 1337 3787; x_wconf 84' lang='lat' dir='ltr'>sapore</span> <span class='ocrx_word' id='word_1_198' title='bbox 1353 3695 1391 3768; x_wconf 77' lang='grc' dir='ltr'>δι</span> <span class='ocrx_word' id='word_1_199' title='bbox 1412 3692 1521 3769; x_wconf 87' lang='lat' dir='ltr'>odore</span> 
     </span>
    </p>
   </div>
   <div class='ocr_carea' id='block_1_6' title="bbox 566 3798 1522 4002">
    <p class='ocr_par' dir='ltr' id='par_1_7' title="bbox 566 3798 1522 4002">
     <span class='ocr_line' id='line_1_27' title="bbox 567 3798 1522 3875; baseline 0.009 -9"><span class='ocrx_word' id='word_1_200' title='bbox 567 3814 711 3869; x_wconf 90' lang='lat' dir='ltr'>mutato.</span> <span class='ocrx_word' id='word_1_201' title='bbox 736 3798 849 3870; x_wconf 89' lang='lat' dir='ltr'>oleum</span> <span class='ocrx_word' id='word_1_202' title='bbox 871 3818 982 3872; x_wconf 87' lang='lat' dir='ltr'>tamen</span> <span class='ocrx_word' id='word_1_203' title='bbox 1009 3825 1112 3874; x_wconf 91' lang='lat' dir='ltr'>omne</span> <span class='ocrx_word' id='word_1_204' title='bbox 1127 3802 1165 3873; x_wconf 91' lang='lat' dir='ltr'>in</span> <span class='ocrx_word' id='word_1_205' title='bbox 1184 3799 1327 3875; x_wconf 79' lang='lat' dir='ltr'>terrenis</span> <span class='ocrx_word' id='word_1_206' title='bbox 1342 3801 1429 3875; x_wconf 86' lang='lat' dir='ltr'>locis</span> <span class='ocrx_word' id='word_1_207' title='bbox 1455 3803 1522 3875; x_wconf 84' lang='lat' dir='ltr'>esse</span> 
     </span>
     <span class='ocr_line' id='line_1_28' title="bbox 566 3902 1520 4002; baseline 0.006 -28"><span class='ocrx_word' id='word_1_208' title='bbox 566 3902 764 3977; x_wconf 85' lang='lat' dir='ltr'>serrandum</span> <span class='ocrx_word' id='word_1_209' title='bbox 779 3936 793 3996; x_wconf 88' lang='lat'>,·</span> <span class='ocrx_word' id='word_1_210' title='bbox 812 3908 850 3979; x_wconf 90' lang='lat'>&amp;</span> <span class='ocrx_word' id='word_1_211' title='bbox 868 3930 940 3980; x_wconf 89' lang='lat' dir='ltr'>eam</span> <span class='ocrx_word' id='word_1_212' title='bbox 955 3908 1025 4002; x_wconf 83' lang='lat' dir='ltr'>ejus</span> <span class='ocrx_word' id='word_1_213' title='bbox 1045 3909 1108 3998; x_wconf 82' lang='lat' dir='ltr'>esse</span> <span class='ocrx_word' id='word_1_214' title='bbox 1125 3930 1303 3996; x_wconf 84' lang='lat' dir='ltr'>naturam,</span> <span class='ocrx_word' id='word_1_215' title='bbox 1319 3929 1356 3982; x_wconf 93' lang='lat' dir='ltr'>ut</span> <span class='ocrx_word' id='word_1_216' title='bbox 1369 3909 1439 3980; x_wconf 79' lang='lat' dir='ltr'>sose</span> <span class='ocrx_word' id='word_1_217' title='bbox 1461 3909 1520 3980; x_wconf 87' lang='lat' dir='ltr'>vel</span> 
     </span>
    </p>
   </div>
   <div class='ocr_carea' id='block_1_7' title="bbox 565 4013 1520 4118">
    <p class='ocr_par' dir='ltr' id='par_1_8' title="bbox 565 4013 1520 4118">
     <span class='ocr_line' id='line_1_29' title="bbox 565 4013 1520 4118; baseline 0.007 -34"><span class='ocrx_word' id='word_1_218' title='bbox 565 4013 643 4110; x_wconf 91' lang='lat' dir='ltr'>igne</span> <span class='ocrx_word' id='word_1_219' title='bbox 655 4033 836 4111; x_wconf 83' lang='lat' dir='ltr'>purgetur,</span> <span class='ocrx_word' id='word_1_220' title='bbox 852 4017 909 4090; x_wconf 87' lang='lat' dir='ltr'>vel</span> <span class='ocrx_word' id='word_1_221' title='bbox 926 4044 1013 4118; x_wconf 88' lang='lat' dir='ltr'>aqua</span> <span class='ocrx_word' id='word_1_222' title='bbox 1027 4018 1194 4111; x_wconf 85' lang='lat' dir='ltr'>ferventi,</span> <span class='ocrx_word' id='word_1_223' title='bbox 1208 4018 1344 4099; x_wconf 71' lang='lat' dir='ltr'>fitimul</span> <span class='ocrx_word' id='word_1_224' title='bbox 1354 4016 1520 4093; x_wconf 83' lang='lat' dir='ltr'>miscean-</span> 
     </span>
    </p>
   </div>
   <div class='ocr_carea' id='block_1_8' title="bbox 473 4122 848 4201">
    <p class='ocr_par' dir='ltr' id='par_1_9' title="bbox 473 4122 848 4201">
     <span class='ocr_line' id='line_1_30' title="bbox 473 4122 848 4201; baseline 0.011 -4"><span class='ocrx_word' id='word_1_225' title='bbox 473 4133 475 4137; x_wconf 65' lang='grc'><em>”</em></span> <span class='ocrx_word' id='word_1_226' title='bbox 567 4145 623 4196; x_wconf 88' lang='lat' dir='ltr'>tur</span> <span class='ocrx_word' id='word_1_227' title='bbox 643 4122 677 4193; x_wconf 88' lang='lat' dir='ltr'>in</span> <span class='ocrx_word' id='word_1_228' title='bbox 696 4123 848 4201; x_wconf 80' lang='lat' dir='ltr'>vasculo.</span> 
     </span>
    </p>
   </div>
   <div class='ocr_carea' id='block_1_9' title="bbox 567 4202 1518 4446">
    <p class='ocr_par' dir='ltr' id='par_1_10' title="bbox 567 4202 1518 4446">
     <span class='ocr_line' id='line_1_31' title="bbox 616 4202 1518 4339; baseline 0.009 -38"><span class='ocrx_word' id='word_1_229' title='bbox 616 4231 727 4304; x_wconf 83' lang='lat' dir='ltr'>xxtt.</span> <span class='ocrx_word' id='word_1_230' title='bbox 748 4233 827 4304; x_wconf 87' lang='lat' dir='ltr'>Hoc</span> <span class='ocrx_word' id='word_1_231' title='bbox 851 4231 948 4304; x_wconf 86' lang='lat' dir='ltr'>etiam</span> <span class='ocrx_word' id='word_1_232' title='bbox 967 4232 1079 4339; x_wconf 81' lang='lat' dir='ltr'>mense</span> <span class='ocrx_word' id='word_1_233' title='bbox 1100 4202 1210 4310; x_wconf 72' lang='lat' dir='ltr'>oliuas</span> <span class='ocrx_word' id='word_1_234' title='bbox 1224 4233 1432 4319; x_wconf 88' lang='lat' dir='ltr'>condiemus.</span> <span class='ocrx_word' id='word_1_235' title='bbox 1447 4237 1518 4309; x_wconf 87' lang='lat' dir='ltr'>Ha·</span> 
     </span>
     <span class='ocr_line' id='line_1_32' title="bbox 567 4339 1517 4446; baseline 0.011 -38"><span class='ocrx_word' id='word_1_236' title='bbox 567 4360 640 4413; x_wconf 86' lang='lat' dir='ltr'>rum</span> <span class='ocrx_word' id='word_1_237' title='bbox 663 4363 784 4438; x_wconf 86' lang='lat' dir='ltr'>genera</span> <span class='ocrx_word' id='word_1_238' title='bbox 800 4339 877 4416; x_wconf 91' lang='lat' dir='ltr'>sunt</span> <span class='ocrx_word' id='word_1_239' title='bbox 898 4341 1289 4446; x_wconf 52' lang='lat' dir='ltr'>diversnzcolymbndes</span> <span class='ocrx_word' id='word_1_240' title='bbox 1309 4347 1414 4426; x_wconf 79' lang='lat' dir='ltr'>oliva</span> <span class='ocrx_word' id='word_1_241' title='bbox 1432 4347 1517 4424; x_wconf 87' lang='lat' dir='ltr'>finnt</span> 
     </span>
    </p>
   </div>
   <div class='ocr_carea' id='block_1_10' title="bbox 0 0 1942 5759">
    <p class='ocr_par' dir='ltr' id='par_1_11' title="bbox 0 0 1942 5759">
     <span class='ocr_line' id='line_1_33' title="bbox 0 0 1942 5759; baseline 0 6"><span class='ocrx_word' id='word_1_242' title='bbox 0 0 1942 5759; x_wconf 95' lang='lat' dir='ltr'> </span> 
     </span>
    </p>
   </div>
  </div>
 </body>
</html>
