<?xml version="1.0" encoding="UTF-8"?>
<!DOCTYPE html PUBLIC "-//W3C//DTD XHTML 1.0 Transitional//EN"
    "http://www.w3.org/TR/xhtml1/DTD/xhtml1-transitional.dtd">
<html xmlns="http://www.w3.org/1999/xhtml" xml:lang="en" lang="en">
 <head>
  <title>
</title>
<meta http-equiv="Content-Type" content="text/html;charset=utf-8" />
  <meta name='ocr-system' content='tesseract 3.04.00' />
  <meta name='ocr-capabilities' content='ocr_page ocr_carea ocr_par ocr_line ocrx_word'/>
</head>
<body>
  <div class='ocr_page' id='page_1' title='image "./scriptoresreiru00gesngoog_0165.png"; bbox 0 0 3875 5759; ppageno 0'>
   <div class='ocr_carea' id='block_1_1' title="bbox 544 961 1378 1067">
    <p class='ocr_par' dir='ltr' id='par_1_1' title="bbox 544 961 1378 1067">
     <span class='ocr_line' id='line_1_1' title="bbox 544 961 1378 1067; baseline 0.005 -32"><span class='ocrx_word' id='word_1_1' title='bbox 544 963 863 1040; x_wconf 74' lang='lat' dir='ltr'>mummium.</span> <span class='ocrx_word' id='word_1_2' title='bbox 888 961 950 1061; x_wconf 77' lang='lat' dir='ltr'>ur.</span> <span class='ocrx_word' id='word_1_3' title='bbox 978 964 1233 1039; x_wconf 75' lang='lat' dir='ltr'>ruousws,</span> <span class='ocrx_word' id='word_1_4' title='bbox 1309 982 1378 1067; x_wconf 77' lang='lat'>¹59</span> 
     </span>
    </p>
   </div>
   <div class='ocr_carea' id='block_1_2' title="bbox 408 1112 1496 2749">
    <p class='ocr_par' dir='ltr' id='par_1_2' title="bbox 411 1112 1379 1308">
     <span class='ocr_line' id='line_1_2' title="bbox 411 1112 1379 1218; baseline 0.003 -21"><span class='ocrx_word' id='word_1_5' title='bbox 411 1123 519 1197; x_wconf 82' lang='lat' dir='ltr'>ticum</span> <span class='ocrx_word' id='word_1_6' title='bbox 545 1122 712 1194; x_wconf 77' lang='lat' dir='ltr'>festinatio</span> <span class='ocrx_word' id='word_1_7' title='bbox 738 1112 1003 1218; x_wconf 77' lang='lat' dir='ltr'>¹reprimarur&#39;ed</span> <span class='ocrx_word' id='word_1_8' title='bbox 1022 1121 1157 1218; x_wconf 86' lang='lat' dir='ltr'>stirpes,</span> <span class='ocrx_word' id='word_1_9' title='bbox 1178 1124 1216 1195; x_wconf 92' lang='lat'>&amp;</span> <span class='ocrx_word' id='word_1_10' title='bbox 1237 1122 1379 1200; x_wconf 83' lang='lat' dir='ltr'>iucenfir</span> 
     </span>
     <span class='ocr_line' id='line_1_3' title="bbox 411 1233 956 1308; baseline -0.002 0"><span class='ocrx_word' id='word_1_11' title='bbox 411 1235 512 1308; x_wconf 87' lang='lat' dir='ltr'>aridis</span> <span class='ocrx_word' id='word_1_12' title='bbox 530 1259 623 1305; x_wconf 85' lang='lat' dir='ltr'>nova</span> <span class='ocrx_word' id='word_1_13' title='bbox 642 1233 748 1306; x_wconf 81' lang='lat' dir='ltr'>lartius</span> <span class='ocrx_word' id='word_1_14' title='bbox 767 1233 956 1307; x_wconf 82' lang='lat' dir='ltr'>succedant.</span> 
     </span>
    </p>

    <p class='ocr_par' dir='ltr' id='par_1_3' title="bbox 408 1341 1496 2749">
     <span class='ocr_line' id='line_1_4' title="bbox 408 1341 1380 1439; baseline 0 -23"><span class='ocrx_word' id='word_1_15' title='bbox 408 1427 410 1434; x_wconf 27' lang='lat'><strong>¹</strong></span> <span class='ocrx_word' id='word_1_16' title='bbox 459 1347 503 1416; x_wconf 90' lang='lat' dir='ltr'>V.</span> <span class='ocrx_word' id='word_1_17' title='bbox 528 1344 607 1414; x_wconf 92' lang='lat' dir='ltr'>Hoc</span> <span class='ocrx_word' id='word_1_18' title='bbox 621 1342 721 1418; x_wconf 86' lang='lat' dir='ltr'>eriam</span> <span class='ocrx_word' id='word_1_19' title='bbox 736 1342 848 1422; x_wconf 76' lang='lat' dir='ltr'>mense</span> <span class='ocrx_word' id='word_1_20' title='bbox 861 1342 1006 1432; x_wconf 75' lang='lat' dir='ltr'>ultimo,</span> <span class='ocrx_word' id='word_1_21' title='bbox 1021 1341 1115 1417; x_wconf 88' lang='lat' dir='ltr'>ficcis</span> <span class='ocrx_word' id='word_1_22' title='bbox 1138 1342 1225 1415; x_wconf 85' lang='lat' dir='ltr'>locis</span> <span class='ocrx_word' id='word_1_23' title='bbox 1240 1370 1319 1439; x_wconf 85' lang='lat' dir='ltr'>rapa</span> <span class='ocrx_word' id='word_1_24' title='bbox 1339 1348 1380 1422; x_wconf 75' lang='grc' dir='ltr'>δι’</span> 
     </span>
     <span class='ocr_line' id='line_1_5' title="bbox 410 1451 1380 1551; baseline 0.006 -28"><span class='ocrx_word' id='word_1_25' title='bbox 410 1476 518 1548; x_wconf 87' lang='lat' dir='ltr'>napus</span> <span class='ocrx_word' id='word_1_26' title='bbox 538 1451 674 1523; x_wconf 82' lang='lat' dir='ltr'>serenda</span> <span class='ocrx_word' id='word_1_27' title='bbox 690 1451 784 1543; x_wconf 80' lang='lat' dir='ltr'>sunt,</span> <span class='ocrx_word' id='word_1_28' title='bbox 803 1454 865 1525; x_wconf 93' lang='lat' dir='ltr'>hac</span> <span class='ocrx_word' id='word_1_29' title='bbox 879 1452 1033 1538; x_wconf 85' lang='lat' dir='ltr'>rarione,</span> <span class='ocrx_word' id='word_1_30' title='bbox 1047 1478 1112 1549; x_wconf 88' lang='lat' dir='ltr'>qua</span> <span class='ocrx_word' id='word_1_31' title='bbox 1125 1452 1239 1551; x_wconf 86' lang='lat' dir='ltr'>[aure]</span> <span class='ocrx_word' id='word_1_32' title='bbox 1253 1455 1380 1529; x_wconf 79' lang='lat' dir='ltr'>didum</span> 
     </span>
     <span class='ocr_line' id='line_1_6' title="bbox 408 1560 1457 1647; baseline 0.002 -14"><span class='ocrx_word' id='word_1_33' title='bbox 408 1560 469 1633; x_wconf 83' lang='lat' dir='ltr'>est.</span> <span class='ocrx_word' id='word_1_34' title='bbox 482 1562 561 1634; x_wconf 87' lang='lat' dir='ltr'>Hoc</span> <span class='ocrx_word' id='word_1_35' title='bbox 574 1561 687 1631; x_wconf 88' lang='lat' dir='ltr'>meuse</span> <span class='ocrx_word' id='word_1_36' title='bbox 702 1560 848 1647; x_wconf 89' lang='lat' dir='ltr'>ultimo,</span> <span class='ocrx_word' id='word_1_37' title='bbox 865 1560 950 1633; x_wconf 87' lang='lat' dir='ltr'>locis</span> <span class='ocrx_word' id='word_1_38' title='bbox 968 1560 1165 1634; x_wconf 83' lang='lat' dir='ltr'>ficcioribus</span> <span class='ocrx_word' id='word_1_39' title='bbox 1184 1562 1312 1635; x_wconf 84' lang='lat' dir='ltr'>radices</span> <span class='ocrx_word' id='word_1_40' title='bbox 1326 1562 1379 1635; x_wconf 78' lang='lat' dir='ltr'>se·</span> <span class='ocrx_word' id='word_1_41' title='bbox 1452 1565 1457 1575; x_wconf 85' lang='grc'><strong>’</strong></span> 
     </span>
     <span class='ocr_line' id='line_1_7' title="bbox 410 1669 1379 1767; baseline 0.004 -25"><span class='ocrx_word' id='word_1_42' title='bbox 410 1694 550 1756; x_wconf 85' lang='lat' dir='ltr'>ruurur,</span> <span class='ocrx_word' id='word_1_43' title='bbox 566 1695 643 1767; x_wconf 87' lang='lat' dir='ltr'>quae</span> <span class='ocrx_word' id='word_1_44' title='bbox 658 1669 765 1741; x_wconf 89' lang='lat' dir='ltr'>hieme</span> <span class='ocrx_word' id='word_1_45' title='bbox 780 1670 828 1741; x_wconf 91' lang='lat' dir='ltr'>sui</span> <span class='ocrx_word' id='word_1_46' title='bbox 853 1670 946 1741; x_wconf 89' lang='lat' dir='ltr'>usum</span> <span class='ocrx_word' id='word_1_47' title='bbox 968 1671 1168 1750; x_wconf 85' lang='lat' dir='ltr'>ministrent.</span> <span class='ocrx_word' id='word_1_48' title='bbox 1184 1693 1296 1745; x_wconf 86' lang='lat' dir='ltr'>amant</span> <span class='ocrx_word' id='word_1_49' title='bbox 1310 1692 1379 1746; x_wconf 78' lang='lat' dir='ltr'>ter·¹</span> 
     </span>
     <span class='ocr_line' id='line_1_8' title="bbox 410 1778 1496 1879; baseline 0.002 -27"><span class='ocrx_word' id='word_1_50' title='bbox 410 1804 482 1853; x_wconf 88' lang='lat' dir='ltr'>ram</span> <span class='ocrx_word' id='word_1_51' title='bbox 500 1781 684 1879; x_wconf 85' lang='lat' dir='ltr'>pinguem,</span> <span class='ocrx_word' id='word_1_52' title='bbox 700 1779 842 1852; x_wconf 85' lang='lat' dir='ltr'>solutam</span> <span class='ocrx_word' id='word_1_53' title='bbox 857 1782 895 1853; x_wconf 88' lang='lat'><strong>&amp;</strong></span> <span class='ocrx_word' id='word_1_54' title='bbox 913 1778 971 1852; x_wconf 91' lang='lat' dir='ltr'>diu</span> <span class='ocrx_word' id='word_1_55' title='bbox 985 1780 1166 1870; x_wconf 79' lang='lat' dir='ltr'>subadrm,</span> <span class='ocrx_word' id='word_1_56' title='bbox 1180 1784 1311 1877; x_wconf 84' lang='lat' dir='ltr'>qualem</span> <span class='ocrx_word' id='word_1_57' title='bbox 1326 1789 1378 1854; x_wconf 64' lang='lat' dir='ltr'>rass</span> <span class='ocrx_word' id='word_1_58' title='bbox 1494 1864 1496 1867; x_wconf 16' lang='lat'><strong><em>¹</em></strong></span> 
     </span>
     <span class='ocr_line' id='line_1_9' title="bbox 410 1880 1407 1989; baseline 0.005 -29"><span class='ocrx_word' id='word_1_59' title='bbox 410 1914 465 1985; x_wconf 79' lang='lat' dir='ltr'>pa.</span> <span class='ocrx_word' id='word_1_60' title='bbox 484 1890 596 1962; x_wconf 85' lang='lat' dir='ltr'>tofum</span> <span class='ocrx_word' id='word_1_61' title='bbox 621 1890 827 1986; x_wconf 84' lang='lat' dir='ltr'>&amp;glaream</span> <span class='ocrx_word' id='word_1_62' title='bbox 851 1888 1087 1964; x_wconf 85' lang='lat' dir='ltr'><strong>reformidant.</strong></span> <span class='ocrx_word' id='word_1_63' title='bbox 1121 1892 1266 1989; x_wconf 86' lang='lat' dir='ltr'>gaudent</span> <span class='ocrx_word' id='word_1_64' title='bbox 1294 1892 1378 1966; x_wconf 83' lang='lat' dir='ltr'>coeli</span> <span class='ocrx_word' id='word_1_65' title='bbox 1404 1880 1407 1894; x_wconf 55' lang='lat'><strong>¹</strong></span> 
     </span>
     <span class='ocr_line' id='line_1_10' title="bbox 409 1996 1379 2097; baseline 0.006 -28"><span class='ocrx_word' id='word_1_66' title='bbox 409 1996 494 2069; x_wconf 79' lang='lat' dir='ltr'>statu</span> <span class='ocrx_word' id='word_1_67' title='bbox 519 1997 694 2070; x_wconf 90' lang='lat' dir='ltr'>nebuloso.</span> <span class='ocrx_word' id='word_1_68' title='bbox 720 1996 870 2088; x_wconf 64' lang='lat' dir='ltr'>serendae</span> <span class='ocrx_word' id='word_1_69' title='bbox 891 1997 968 2069; x_wconf 81' lang='lat' dir='ltr'>sunt</span> <span class='ocrx_word' id='word_1_70' title='bbox 991 1998 1101 2093; x_wconf 81' lang='lat' dir='ltr'>spatiis</span> <span class='ocrx_word' id='word_1_71' title='bbox 1134 2000 1379 2097; x_wconf 85' lang='lat' dir='ltr'>grandibus&amp;</span> 
     </span>
     <span class='ocr_line' id='line_1_11' title="bbox 409 2102 1379 2202; baseline 0.002 -25"><span class='ocrx_word' id='word_1_72' title='bbox 409 2105 477 2177; x_wconf 86' lang='lat' dir='ltr'>alre</span> <span class='ocrx_word' id='word_1_73' title='bbox 498 2102 601 2178; x_wconf 85' lang='lat' dir='ltr'>foffis.</span> <span class='ocrx_word' id='word_1_74' title='bbox 624 2105 780 2178; x_wconf 87' lang='lat' dir='ltr'>meliores</span> <span class='ocrx_word' id='word_1_75' title='bbox 804 2104 1069 2202; x_wconf 70' lang='lat' dir='ltr'>proveniuurin</span> <span class='ocrx_word' id='word_1_76' title='bbox 1091 2106 1209 2179; x_wconf 86' lang='lat' dir='ltr'>arenis.</span> <span class='ocrx_word' id='word_1_77' title='bbox 1227 2106 1379 2179; x_wconf 81' lang='lat' dir='ltr'>serantur</span> 
     </span>
     <span class='ocr_line' id='line_1_12' title="bbox 410 2214 1378 2313; baseline 0.003 -26"><span class='ocrx_word' id='word_1_78' title='bbox 410 2214 490 2311; x_wconf 86' lang='lat' dir='ltr'>post</span> <span class='ocrx_word' id='word_1_79' title='bbox 501 2240 630 2288; x_wconf 89' lang='lat' dir='ltr'>novam</span> <span class='ocrx_word' id='word_1_80' title='bbox 645 2216 821 2313; x_wconf 85' lang='lat' dir='ltr'>pluviam,</span> <span class='ocrx_word' id='word_1_81' title='bbox 837 2215 897 2287; x_wconf 89' lang='lat' dir='ltr'>uisr</span> <span class='ocrx_word' id='word_1_82' title='bbox 914 2214 1038 2310; x_wconf 76' lang='lat' dir='ltr'>poffiur</span> <span class='ocrx_word' id='word_1_83' title='bbox 1051 2214 1140 2288; x_wconf 85' lang='lat' dir='ltr'>forte</span> <span class='ocrx_word' id='word_1_84' title='bbox 1155 2215 1266 2312; x_wconf 84' lang='lat' dir='ltr'>rigari.</span> <span class='ocrx_word' id='word_1_85' title='bbox 1281 2216 1378 2311; x_wconf 89' lang='lat' dir='ltr'>quod</span> 
     </span>
     <span class='ocr_line' id='line_1_13' title="bbox 411 2322 1380 2423; baseline 0.004 -28"><span class='ocrx_word' id='word_1_86' title='bbox 411 2322 517 2396; x_wconf 84' lang='lat' dir='ltr'>sarum</span> <span class='ocrx_word' id='word_1_87' title='bbox 539 2323 607 2413; x_wconf 86' lang='lat' dir='ltr'>est,</span> <span class='ocrx_word' id='word_1_88' title='bbox 632 2324 737 2397; x_wconf 84' lang='lat' dir='ltr'>statim</span> <span class='ocrx_word' id='word_1_89' title='bbox 757 2325 857 2397; x_wconf 86' lang='lat' dir='ltr'>debet</span> <span class='ocrx_word' id='word_1_90' title='bbox 878 2323 1005 2421; x_wconf 88' lang='lat' dir='ltr'>operiri</span> <span class='ocrx_word' id='word_1_91' title='bbox 1024 2323 1092 2398; x_wconf 89' lang='lat' dir='ltr'>levi</span> <span class='ocrx_word' id='word_1_92' title='bbox 1114 2323 1254 2398; x_wconf 84' lang='lat' dir='ltr'>sarculo.</span> <span class='ocrx_word' id='word_1_93' title='bbox 1276 2327 1380 2423; x_wconf 71' lang='lat' dir='ltr'>luge-f</span> 
     </span>
     <span class='ocr_line' id='line_1_14' title="bbox 410 2430 1377 2528; baseline 0.003 -24"><span class='ocrx_word' id='word_1_94' title='bbox 410 2457 485 2505; x_wconf 87' lang='lat' dir='ltr'>rum</span> <span class='ocrx_word' id='word_1_95' title='bbox 508 2435 578 2507; x_wconf 89' lang='lat' dir='ltr'>duo</span> <span class='ocrx_word' id='word_1_96' title='bbox 597 2432 750 2525; x_wconf 72' lang='lat' dir='ltr'>sextarii,</span> <span class='ocrx_word' id='word_1_97' title='bbox 770 2430 846 2521; x_wconf 80' lang='lat' dir='ltr'>vel,</span> <span class='ocrx_word' id='word_1_98' title='bbox 871 2452 910 2503; x_wconf 88' lang='lat' dir='ltr'>ut</span> <span class='ocrx_word' id='word_1_99' title='bbox 932 2430 1088 2528; x_wconf 88' lang='lat' dir='ltr'>quidam,</span> <span class='ocrx_word' id='word_1_100' title='bbox 1106 2451 1273 2528; x_wconf 88' lang='lat' dir='ltr'>quatuor,</span> <span class='ocrx_word' id='word_1_101' title='bbox 1298 2457 1377 2507; x_wconf 90' lang='lat' dir='ltr'>curu</span> 
     </span>
     <span class='ocr_line' id='line_1_15' title="bbox 410 2535 1377 2638; baseline -0.003 -24"><span class='ocrx_word' id='word_1_102' title='bbox 410 2535 564 2614; x_wconf 89' lang='lat' dir='ltr'>seruntur</span> <span class='ocrx_word' id='word_1_103' title='bbox 574 2542 756 2638; x_wconf 76' lang='lat' dir='ltr'>‚impleuu</span> <span class='ocrx_word' id='word_1_104' title='bbox 780 2544 951 2614; x_wconf 85' lang='lat' dir='ltr'>Laetamerr</span> <span class='ocrx_word' id='word_1_105' title='bbox 972 2565 1044 2619; x_wconf 89' lang='lat' dir='ltr'>uon</span> <span class='ocrx_word' id='word_1_106' title='bbox 1070 2540 1116 2613; x_wconf 86' lang='lat' dir='ltr'>est</span> <span class='ocrx_word' id='word_1_107' title='bbox 1136 2539 1377 2638; x_wconf 85' lang='lat' dir='ltr'>ingerendum,</span> 
     </span>
     <span class='ocr_line' id='line_1_16' title="bbox 411 2644 1380 2749; baseline 0 -28"><span class='ocrx_word' id='word_1_108' title='bbox 411 2650 467 2723; x_wconf 84' lang='lat' dir='ltr'>sed</span> <span class='ocrx_word' id='word_1_109' title='bbox 481 2651 597 2747; x_wconf 87' lang='lat' dir='ltr'>potius</span> <span class='ocrx_word' id='word_1_110' title='bbox 616 2652 718 2748; x_wconf 85' lang='lat' dir='ltr'>paieae</span> <span class='ocrx_word' id='word_1_111' title='bbox 731 2677 739 2723; x_wconf 75' lang='lat' dir='ltr'>r</span> <span class='ocrx_word' id='word_1_112' title='bbox 752 2652 831 2749; x_wconf 84' lang='lat' dir='ltr'>quia</span> <span class='ocrx_word' id='word_1_113' title='bbox 847 2650 925 2722; x_wconf 88' lang='lat' dir='ltr'>inde</span> <span class='ocrx_word' id='word_1_114' title='bbox 940 2648 1092 2747; x_wconf 82' lang='lat' dir='ltr'>fungosae</span> <span class='ocrx_word' id='word_1_115' title='bbox 1113 2649 1200 2722; x_wconf 84' lang='lat' dir='ltr'>suut.</span> <span class='ocrx_word' id='word_1_116' title='bbox 1225 2644 1380 2721; x_wconf 70' lang='lat' dir='ltr'>Suavio·&#39;</span> 
     </span>
    </p>
   </div>
   <div class='ocr_carea' id='block_1_3' title="bbox 346 2753 1488 2859">
    <p class='ocr_par' dir='ltr' id='par_1_4' title="bbox 346 2753 1488 2859">
     <span class='ocr_line' id='line_1_17' title="bbox 346 2753 1488 2859; baseline -0.001 -28"><span class='ocrx_word' id='word_1_117' title='bbox 346 2811 348 2817; x_wconf 87' lang='lat'><em>-</em></span> <span class='ocrx_word' id='word_1_118' title='bbox 410 2784 463 2834; x_wconf 89' lang='lat' dir='ltr'>res</span> <span class='ocrx_word' id='word_1_119' title='bbox 480 2758 586 2851; x_wconf 89' lang='lat' dir='ltr'>fiunt,</span> <span class='ocrx_word' id='word_1_120' title='bbox 600 2764 623 2833; x_wconf 90' lang='lat' dir='ltr'>sr</span> <span class='ocrx_word' id='word_1_121' title='bbox 638 2787 693 2835; x_wconf 88' lang='lat' dir='ltr'>eas</span> <span class='ocrx_word' id='word_1_122' title='bbox 710 2787 796 2858; x_wconf 89' lang='lat' dir='ltr'>aqua</span> <span class='ocrx_word' id='word_1_123' title='bbox 811 2760 891 2834; x_wconf 82' lang='lat' dir='ltr'>salsa</span> <span class='ocrx_word' id='word_1_124' title='bbox 911 2759 1107 2857; x_wconf 81' lang='lat' dir='ltr'>frequenter</span> <span class='ocrx_word' id='word_1_125' title='bbox 1127 2757 1286 2859; x_wconf 78' lang='lat' dir='ltr'>aspergds.</span> <span class='ocrx_word' id='word_1_126' title='bbox 1304 2753 1391 2832; x_wconf 73' lang='lat' dir='ltr'>Ra··v</span> <span class='ocrx_word' id='word_1_127' title='bbox 1481 2799 1488 2814; x_wconf 86' lang='lat'><em>·</em></span> 
     </span>
    </p>
   </div>
   <div class='ocr_carea' id='block_1_4' title="bbox 348 2867 1456 4501">
    <p class='ocr_par' dir='ltr' id='par_1_5' title="bbox 348 2867 1454 4269">
     <span class='ocr_line' id='line_1_18' title="bbox 348 2867 1377 2967; baseline 0.004 -29"><span class='ocrx_word' id='word_1_128' title='bbox 348 2913 351 2916; x_wconf 32' lang='lat' dir='ltr'>v</span> <span class='ocrx_word' id='word_1_129' title='bbox 412 2868 504 2940; x_wconf 91' lang='lat' dir='ltr'>dices</span> <span class='ocrx_word' id='word_1_130' title='bbox 525 2869 683 2941; x_wconf 83' lang='lat' dir='ltr'>feminini</span> <span class='ocrx_word' id='word_1_131' title='bbox 702 2870 831 2967; x_wconf 82' lang='lat' dir='ltr'>generis</span> <span class='ocrx_word' id='word_1_132' title='bbox 854 2888 1038 2967; x_wconf 82' lang='lat' dir='ltr'>putantur,</span> <span class='ocrx_word' id='word_1_133' title='bbox 1060 2893 1136 2965; x_wconf 89' lang='lat' dir='ltr'>quae</span> <span class='ocrx_word' id='word_1_134' title='bbox 1154 2867 1264 2938; x_wconf 87' lang='lat' dir='ltr'>minus</span> <span class='ocrx_word' id='word_1_135' title='bbox 1283 2892 1377 2942; x_wconf 87' lang='lat' dir='ltr'>acres</span> 
     </span>
     <span class='ocr_line' id='line_1_19' title="bbox 411 2973 1377 3083; baseline 0.005 -37"><span class='ocrx_word' id='word_1_136' title='bbox 411 2973 561 3083; x_wconf 55' lang='lat' dir='ltr'>sunm&amp;</span> <span class='ocrx_word' id='word_1_137' title='bbox 582 2978 706 3049; x_wconf 90' lang='lat' dir='ltr'>habent</span> <span class='ocrx_word' id='word_1_138' title='bbox 725 2976 810 3050; x_wconf 84' lang='lat' dir='ltr'>folia</span> <span class='ocrx_word' id='word_1_139' title='bbox 830 2978 948 3052; x_wconf 86' lang='lat' dir='ltr'>latiora</span> <span class='ocrx_word' id='word_1_140' title='bbox 971 2977 1044 3082; x_wconf 80' lang='grc' dir='ltr'><strong><em>[δι]</em></strong></span> <span class='ocrx_word' id='word_1_141' title='bbox 1054 2978 1143 3050; x_wconf 84' lang='lat' dir='ltr'>levia</span> <span class='ocrx_word' id='word_1_142' title='bbox 1152 2975 1215 3068; x_wconf 59' lang='lat' dir='ltr'>s&amp;</span> <span class='ocrx_word' id='word_1_143' title='bbox 1229 3004 1304 3052; x_wconf 88' lang='lat' dir='ltr'>cum</span> <span class='ocrx_word' id='word_1_144' title='bbox 1320 2977 1377 3073; x_wconf 86' lang='lat' dir='ltr'>ju·</span> 
     </span>
     <span class='ocr_line' id='line_1_20' title="bbox 412 3082 1376 3184; baseline 0.005 -29"><span class='ocrx_word' id='word_1_145' title='bbox 412 3082 582 3157; x_wconf 86' lang='lat' dir='ltr'>cuuditate</span> <span class='ocrx_word' id='word_1_146' title='bbox 600 3084 756 3159; x_wconf 80' lang='lat' dir='ltr'>virentia.</span> <span class='ocrx_word' id='word_1_147' title='bbox 781 3089 833 3157; x_wconf 83' lang='lat' dir='ltr'>Ex</span> <span class='ocrx_word' id='word_1_148' title='bbox 852 3087 905 3160; x_wconf 89' lang='lat' dir='ltr'>bis</span> <span class='ocrx_word' id='word_1_149' title='bbox 924 3113 1007 3183; x_wconf 83' lang='lat' dir='ltr'>ergo</span> <span class='ocrx_word' id='word_1_150' title='bbox 1023 3086 1147 3158; x_wconf 90' lang='lat' dir='ltr'>semina</span> <span class='ocrx_word' id='word_1_151' title='bbox 1163 3088 1376 3184; x_wconf 84' lang='lat' dir='ltr'>colligemus.</span> 
     </span>
     <span class='ocr_line' id='line_1_21' title="bbox 409 3192 1375 3296; baseline 0.004 -31"><span class='ocrx_word' id='word_1_152' title='bbox 409 3192 558 3296; x_wconf 83' lang='lat' dir='ltr'>Majores</span> <span class='ocrx_word' id='word_1_153' title='bbox 570 3194 641 3270; x_wconf 83' lang='lat' dir='ltr'>fieri</span> <span class='ocrx_word' id='word_1_154' title='bbox 658 3198 860 3285; x_wconf 88' lang='lat' dir='ltr'>creduntur,</span> <span class='ocrx_word' id='word_1_155' title='bbox 873 3197 897 3268; x_wconf 86' lang='lat' dir='ltr'>sr</span> <span class='ocrx_word' id='word_1_156' title='bbox 912 3252 922 3288; x_wconf 90' lang='lat'>,</span> <span class='ocrx_word' id='word_1_157' title='bbox 936 3197 1071 3269; x_wconf 86' lang='lat' dir='ltr'>sublatis</span> <span class='ocrx_word' id='word_1_158' title='bbox 1086 3196 1246 3268; x_wconf 90' lang='lat' dir='ltr'>omnibus</span> <span class='ocrx_word' id='word_1_159' title='bbox 1261 3195 1375 3287; x_wconf 78' lang='lat' dir='ltr'>foliis,</span> 
     </span>
     <span class='ocr_line' id='line_1_22' title="bbox 410 3303 1376 3403; baseline 0.001 -26"><span class='ocrx_word' id='word_1_160' title='bbox 410 3306 449 3377; x_wconf 78' lang='grc' dir='ltr'>δι</span> <span class='ocrx_word' id='word_1_161' title='bbox 466 3304 540 3378; x_wconf 91' lang='lat' dir='ltr'>solo</span> <span class='ocrx_word' id='word_1_162' title='bbox 557 3303 653 3382; x_wconf 81' lang='lat' dir='ltr'>terrui</span> <span class='ocrx_word' id='word_1_163' title='bbox 671 3308 768 3381; x_wconf 88' lang='lat' dir='ltr'>caule</span> <span class='ocrx_word' id='word_1_164' title='bbox 781 3307 936 3396; x_wconf 72' lang='lat' dir='ltr'>dimidio,</span> <span class='ocrx_word' id='word_1_165' title='bbox 950 3309 1036 3403; x_wconf 86' lang='lat' dir='ltr'>saepe</span> <span class='ocrx_word' id='word_1_166' title='bbox 1053 3307 1150 3378; x_wconf 90' lang='lat' dir='ltr'>rerris</span> <span class='ocrx_word' id='word_1_167' title='bbox 1165 3308 1376 3402; x_wconf 86' lang='lat' dir='ltr'>operiantur.</span> 
     </span>
     <span class='ocr_line' id='line_1_23' title="bbox 374 3414 1420 3505; baseline 0.007 -21"><span class='ocrx_word' id='word_1_168' title='bbox 374 3458 376 3462; x_wconf 94' lang='lat'>-</span> <span class='ocrx_word' id='word_1_169' title='bbox 409 3414 444 3485; x_wconf 89' lang='lat' dir='ltr'>si</span> <span class='ocrx_word' id='word_1_170' title='bbox 464 3440 507 3487; x_wconf 85' lang='lat' dir='ltr'>ex</span> <span class='ocrx_word' id='word_1_171' title='bbox 525 3419 625 3492; x_wconf 89' lang='lat' dir='ltr'>nimis</span> <span class='ocrx_word' id='word_1_172' title='bbox 644 3445 721 3493; x_wconf 89' lang='lat' dir='ltr'>acra</span> <span class='ocrx_word' id='word_1_173' title='bbox 744 3419 878 3489; x_wconf 88' lang='lat' dir='ltr'>dulcem</span> <span class='ocrx_word' id='word_1_174' title='bbox 899 3416 972 3489; x_wconf 88' lang='lat' dir='ltr'>fieri</span> <span class='ocrx_word' id='word_1_175' title='bbox 996 3418 1101 3505; x_wconf 84' lang='lat' dir='ltr'>velis,</span> <span class='ocrx_word' id='word_1_176' title='bbox 1118 3417 1241 3487; x_wconf 86' lang='lat' dir='ltr'>semina</span> <span class='ocrx_word' id='word_1_177' title='bbox 1263 3416 1315 3487; x_wconf 91' lang='lat' dir='ltr'>die</span> <span class='ocrx_word' id='word_1_178' title='bbox 1338 3420 1377 3491; x_wconf 89' lang='lat'>&amp;</span> <span class='ocrx_word' id='word_1_179' title='bbox 1417 3452 1420 3455; x_wconf 49' lang='lat'><em>⁴</em></span> 
     </span>
     <span class='ocr_line' id='line_1_24' title="bbox 408 3524 1377 3621; baseline 0.003 -29"><span class='ocrx_word' id='word_1_180' title='bbox 408 3524 620 3600; x_wconf 56' lang='lat' dir='ltr'>nodie‘melle</span> <span class='ocrx_word' id='word_1_181' title='bbox 634 3525 834 3613; x_wconf 80' lang='lat' dir='ltr'>macerabis,</span> <span class='ocrx_word' id='word_1_182' title='bbox 850 3544 907 3596; x_wconf 90' lang='lat' dir='ltr'>aut</span> <span class='ocrx_word' id='word_1_183' title='bbox 922 3526 1024 3620; x_wconf 81' lang='lat' dir='ltr'>paffo.</span> <span class='ocrx_word' id='word_1_184' title='bbox 1035 3525 1236 3621; x_wconf 86' lang='lat' dir='ltr'>Raphauum</span> <span class='ocrx_word' id='word_1_185' title='bbox 1250 3544 1377 3615; x_wconf 83' lang='lat' dir='ltr'>tamen,</span> 
     </span>
     <span class='ocr_line' id='line_1_25' title="bbox 410 3631 1376 3725; baseline 0.005 -23"><span class='ocrx_word' id='word_1_186' title='bbox 410 3631 496 3704; x_wconf 87' lang='lat' dir='ltr'>srcut</span> <span class='ocrx_word' id='word_1_187' title='bbox 517 3634 705 3725; x_wconf 86' lang='lat' dir='ltr'>brafficam,</span> <span class='ocrx_word' id='word_1_188' title='bbox 720 3633 852 3711; x_wconf 85' lang='lat' dir='ltr'>constat</span> <span class='ocrx_word' id='word_1_189' title='bbox 870 3634 933 3707; x_wconf 81' lang='lat' dir='ltr'>effe</span> <span class='ocrx_word' id='word_1_190' title='bbox 948 3632 1075 3705; x_wconf 87' lang='lat' dir='ltr'>viribus</span> <span class='ocrx_word' id='word_1_191' title='bbox 1093 3636 1275 3708; x_wconf 86' lang='lat' dir='ltr'>inimicam.</span> <span class='ocrx_word' id='word_1_192' title='bbox 1299 3660 1376 3707; x_wconf 87' lang='lat' dir='ltr'>uam</span> 
     </span>
     <span class='ocr_line' id='line_1_26' title="bbox 410 3738 1377 3841; baseline 0.01 -32"><span class='ocrx_word' id='word_1_193' title='bbox 410 3738 545 3814; x_wconf 75' lang='lat' dir='ltr'>dcirca</span> <span class='ocrx_word' id='word_1_194' title='bbox 568 3742 602 3815; x_wconf 88' lang='lat' dir='ltr'>sc</span> <span class='ocrx_word' id='word_1_195' title='bbox 629 3743 797 3833; x_wconf 82' lang='lat' dir='ltr'>serantur,</span> <span class='ocrx_word' id='word_1_196' title='bbox 819 3764 937 3816; x_wconf 87' lang='lat' dir='ltr'>natura</span> <span class='ocrx_word' id='word_1_197' title='bbox 962 3744 1175 3818; x_wconf 80' lang='lat' dir='ltr'>discordante</span> <span class='ocrx_word' id='word_1_198' title='bbox 1198 3746 1377 3841; x_wconf 83' lang='lat' dir='ltr'>refugiunt.</span> 
     </span>
     <span class='ocr_line' id='line_1_27' title="bbox 410 3851 1109 3954; baseline 0.006 -33"><span class='ocrx_word' id='word_1_199' title='bbox 410 3851 490 3925; x_wconf 87' lang='lat' dir='ltr'>Hoc</span> <span class='ocrx_word' id='word_1_200' title='bbox 506 3854 607 3926; x_wconf 83' lang='lat' dir='ltr'>etiam</span> <span class='ocrx_word' id='word_1_201' title='bbox 626 3857 737 3928; x_wconf 86' lang='lat' dir='ltr'>meuse</span> <span class='ocrx_word' id='word_1_202' title='bbox 754 3856 938 3954; x_wconf 85' lang='lat' dir='ltr'>pastinacas</span> <span class='ocrx_word' id='word_1_203' title='bbox 956 3856 1109 3928; x_wconf 77' lang='lat' dir='ltr'>feremus.</span> 
     </span>
     <span class='ocr_line' id='line_1_28' title="bbox 385 3961 1454 4063; baseline -0.003 -29"><span class='ocrx_word' id='word_1_204' title='bbox 385 4041 397 4056; x_wconf 54' lang='grc'><strong>,</strong></span> <span class='ocrx_word' id='word_1_205' title='bbox 467 3964 523 4034; x_wconf 94' lang='lat' dir='ltr'>VI.</span> <span class='ocrx_word' id='word_1_206' title='bbox 555 3964 666 4037; x_wconf 81' lang='lat' dir='ltr'>Etiam</span> <span class='ocrx_word' id='word_1_207' title='bbox 691 3989 785 4038; x_wconf 90' lang='lat' dir='ltr'>nuuc</span> <span class='ocrx_word' id='word_1_208' title='bbox 809 3966 1063 4063; x_wconf 83' lang='lat' dir='ltr'>emplastrautur</span> <span class='ocrx_word' id='word_1_209' title='bbox 1086 3962 1225 4040; x_wconf 81' lang='lat' dir='ltr'>arbusta.</span> <span class='ocrx_word' id='word_1_210' title='bbox 1260 3961 1376 4031; x_wconf 82' lang='lat' dir='ltr'>Pirum</span> <span class='ocrx_word' id='word_1_211' title='bbox 1448 3975 1454 3986; x_wconf 85' lang='lat'>&#39;</span> 
     </span>
     <span class='ocr_line' id='line_1_29' title="bbox 409 4070 1377 4171; baseline 0.001 -31"><span class='ocrx_word' id='word_1_212' title='bbox 409 4094 504 4142; x_wconf 88' lang='lat' dir='ltr'>nuuc</span> <span class='ocrx_word' id='word_1_213' title='bbox 525 4072 677 4171; x_wconf 79' lang='lat' dir='ltr'>plerique</span> <span class='ocrx_word' id='word_1_214' title='bbox 700 4072 869 4166; x_wconf 83' lang='lat' dir='ltr'>iirseruut,</span> <span class='ocrx_word' id='word_1_215' title='bbox 891 4078 929 4149; x_wconf 79' lang='grc' dir='ltr'>δι</span> <span class='ocrx_word' id='word_1_216' title='bbox 954 4073 1041 4146; x_wconf 88' lang='lat' dir='ltr'>locis</span> <span class='ocrx_word' id='word_1_217' title='bbox 1060 4072 1194 4170; x_wconf 85' lang='lat' dir='ltr'>irriguis</span> <span class='ocrx_word' id='word_1_218' title='bbox 1220 4070 1377 4141; x_wconf 86' lang='lat' dir='ltr'>arborem</span> 
     </span>
     <span class='ocr_line' id='line_1_30' title="bbox 411 4201 1173 4269; baseline -0.008 -14"><span class='ocrx_word' id='word_1_219' title='bbox 411 4201 500 4255; x_wconf 81' lang='lat' dir='ltr'>curi.</span> <span class='ocrx_word' id='word_1_220' title='bbox 925 4258 929 4267; x_wconf 49' lang='grc'><strong>,</strong></span> <span class='ocrx_word' id='word_1_221' title='bbox 1165 4254 1173 4269; x_wconf 34' lang='lat' dir='ltr'><em>l</em></span> 
     </span>
    </p>

    <p class='ocr_par' dir='ltr' id='par_1_6' title="bbox 409 4287 1456 4501">
     <span class='ocr_line' id='line_1_31' title="bbox 467 4287 1456 4392; baseline -0.001 -33"><span class='ocrx_word' id='word_1_222' title='bbox 467 4292 540 4362; x_wconf 88' lang='lat' dir='ltr'><strong>Vll.</strong></span> <span class='ocrx_word' id='word_1_223' title='bbox 563 4290 642 4367; x_wconf 89' lang='lat' dir='ltr'>Hoc</span> <span class='ocrx_word' id='word_1_224' title='bbox 665 4289 779 4363; x_wconf 83' lang='lat' dir='ltr'>mense</span> <span class='ocrx_word' id='word_1_225' title='bbox 804 4294 987 4366; x_wconf 86' lang='lat' dir='ltr'>crabrones</span> <span class='ocrx_word' id='word_1_226' title='bbox 1011 4290 1141 4364; x_wconf 86' lang='lat' dir='ltr'>molesti</span> <span class='ocrx_word' id='word_1_227' title='bbox 1162 4288 1238 4360; x_wconf 89' lang='lat' dir='ltr'>suut</span> <span class='ocrx_word' id='word_1_228' title='bbox 1260 4287 1377 4358; x_wconf 87' lang='lat' dir='ltr'>alvea·</span> <span class='ocrx_word' id='word_1_229' title='bbox 1442 4306 1456 4392; x_wconf 29' lang='grc' dir='ltr'>ἰ</span> 
     </span>
     <span class='ocr_line' id='line_1_32' title="bbox 409 4396 1377 4501; baseline -0.005 -26"><span class='ocrx_word' id='word_1_230' title='bbox 409 4399 469 4475; x_wconf 88' lang='lat' dir='ltr'>riis</span> <span class='ocrx_word' id='word_1_231' title='bbox 487 4424 605 4499; x_wconf 86' lang='lat' dir='ltr'>apum,</span> <span class='ocrx_word' id='word_1_232' title='bbox 618 4424 709 4501; x_wconf 86' lang='lat' dir='ltr'>quos</span> <span class='ocrx_word' id='word_1_233' title='bbox 721 4398 875 4500; x_wconf 86' lang='lat' dir='ltr'>persequi</span> <span class='ocrx_word' id='word_1_234' title='bbox 890 4429 930 4481; x_wconf 89' lang='lat' dir='ltr'>ac</span> <span class='ocrx_word' id='word_1_235' title='bbox 948 4426 1068 4478; x_wconf 87' lang='lat' dir='ltr'>necare</span> <span class='ocrx_word' id='word_1_236' title='bbox 1082 4400 1258 4472; x_wconf 81' lang='lat' dir='ltr'>debemus..</span> <span class='ocrx_word' id='word_1_237' title='bbox 1276 4396 1377 4471; x_wconf 87' lang='lat' dir='ltr'>Nunc</span> 
     </span>
    </p>
   </div>
   <div class='ocr_carea' id='block_1_5' title="bbox 0 0 1942 5759">
    <p class='ocr_par' dir='ltr' id='par_1_7' title="bbox 0 0 1942 5759">
     <span class='ocr_line' id='line_1_33' title="bbox 0 0 1942 5759; baseline 0 0"><span class='ocrx_word' id='word_1_238' title='bbox 0 0 1942 5759; x_wconf 95' lang='lat' dir='ltr'> </span> 
     </span>
    </p>
   </div>
  </div>
 </body>
</html>
