3875 5759
606 921 739 997 nuru
764 919 1098 999 verruntur
1124 922 1307 1000 nunou.
1356 946 1423 1017 ης

480 1084 588 1172 tibus,
602 1083 823 1185 &praecipue
836 1084 872 1159 in
885 1082 1045 1174 iuncturis
1062 1085 1309 1172 membrorum,
1324 1085 1380 1157 vel
1392 1084 1430 1159 itt

480 1209 559 1265 toto
583 1216 754 1288 corpore,
781 1191 999 1264 collesliones
1025 1189 1208 1265 inflantur:
1234 1190 1431 1289 rursumque

481 1302 533 1374 his
554 1300 648 1375 velut
666 1300 800 1390 sedatis,
814 1300 889 1372 aliae
911 1299 1147 1373 renascuntur:
1161 1298 1273 1373 cibum
1291 1319 1433 1394 potumq

479 1434 546 1503 que
560 1435 602 1482 ex
619 1402 715 1485 latore
728 1412 913 1506 recipiunt,
928 1410 1134 1484 macrescunt
1145 1427 1273 1498 tamen,
1288 1408 1366 1505 quia
1378 1407 1433 1480 di·

480 1518 587 1616 gestio
604 1521 653 1592 eis
666 1520 763 1615 plena
777 1545 849 1594 non
865 1519 1038 1615 provenit.
1052 1520 1168 1593 hilares
1183 1518 1315 1614 aspellu
1336 1515 1434 1589 sanis·

482 1651 550 1722 que
570 1627 690 1704 srmiles
708 1626 888 1706 creduntur
908 1629 950 1701 ab
971 1629 1116 1702 indodis
1131 1628 1209 1705 artis
1230 1625 1433 1699 mulomedi-

451 1765 454 1772 ·
481 1737 593 1828 cinae,
616 1740 695 1837 quia
714 1743 860 1836 exuerint
877 1741 985 1839 agitur
1000 1739 1118 1814 causa:
1133 1733 1254 1835 quibus
1268 1737 1439 1836 imperitia¹

480 1846 647 1920 artificum
666 1838 863 1949 sanguinein
879 1849 1010 1924 festinat
1028 1846 1168 1920 auferre.
1186 1845 1250 1916 Sed
1267 1844 1436 1918 contraria

481 1956 542 2030 ista
565 1960 699 2033 curatio
723 1962 780 2033 esi:
802 1985 880 2035 nam
903 1957 1027 2030 affeuis
1055 1953 1256 2042 sarcimine,
1274 1952 1438 2051 quidquid

482 2063 627 2159 superest
645 2066 791 2150 virium,
803 2054 907 2166 tollit.
927 2068 966 2135 ln
981 2063 1080 2135 initio
1099 2083 1230 2150 tamen,
1243 2086 1286 2135 nc
1298 2062 1437 2134 morbus
1502 2053 1504 2058 ¹

483 2170 669 2255 increscat,
686 2175 742 2248 vel
762 2175 797 2246 in
812 2173 901 2263 sine,
915 2200 993 2250 cunr
1008 2174 1075 2269 jam
1091 2176 1180 2252 vires
1200 2172 1309 2272 redite
1320 2198 1437 2272 coepe-

485 2271 720 2369 rint,emisliu
743 2282 1037 2380 sanguinis-juvat.
1224 2377 1228 2384 ¹

544 2392 630 2468 Vlll.
657 2391 848 2470 Subrenalis
876 2394 1016 2468 morbus
1041 2419 1114 2469 non
1140 2394 1440 2476 minus-nomine,

480 2521 582 2595 quarn
601 2499 671 2596 ipsa
691 2502 839 2597 passione
852 2504 1067 2577 monstratur.
1083 2506 1168 2577 Nam
1183 2506 1328 2593 animal,
1345 2503 1440 2577 uelut

481 2607 618 2699 renibus
641 2608 749 2701 laesis,
775 2638 793 2684 a
811 2613 991 2708 posteriori
1015 2599 1108 2708 parte
1128 2610 1309 2698 deficiens,
1325 2609 1440 2705 prodit

481 2716 668 2791 mortiferae
698 2720 896 2791 neceffitatis
923 2718 1098 2790 indicium.
1128 2718 1235 2788 ruffiet
1266 2716 1441 2813 graviter,

482 2824 636 2896 horrebit
654 2823 786 2919 aspedu
800 2851 810 2897 r
832 2825 919 2897 cutis
933 2825 1056 2902 duritia
1069 2850 1111 2897 ex
1122 2824 1223 2920 spinae
1237 2823 1346 2919 rigore
1360 2850 1441 2919 pto-

484 2932 593 3004 ditur:
606 2932 739 3027 patcius
756 2954 890 3028 porum,
909 2933 1042 3029 parcius
1061 2934 1190 3030 appetit
1215 2934 1338 3006 cibum.
1351 2931 1442 3009 Huic

456 3125 458 3130 y
485 3040 564 3136 quia
585 3058 658 3112 tota
680 3040 733 3115 vis
755 3039 867 3114 morbi
891 3040 1033 3138 possrdet
1052 3041 1238 3133 lumbos,a
1255 3039 1442 3116 semoribus

485 3149 608 3246 incipit
627 3151 734 3247 prima
752 3153 894 3229 ceratia.

534 3264 595 3337 tx.
622 3261 862 3360 Elephantialis
882 3281 993 3337 autern
1015 3261 1136 3336 dicitur
1161 3261 1212 3335 εκῘ
1229 3262 1443 3336 similitudine

485 3371 695 3468 elephantis,
710 3372 806 3468 cuju
826 3372 1019 3445 naturaliter
1036 3373 1132 3468 pellis
1150 3373 1230 3445 dura
1252 3376 1288 3445 δι
1302 3371 1444 3468 aspera,

487 3486 612 3564 morbo
635 3508 782 3573 nomen,
802 3484 840 3557 δι
856 3483 890 3553 ἱη
906 3482 1120 3568 hominibus,
1135 3487 1172 3556 δι
1188 3483 1223 3555 in
1245 3482 1444 3555 animalibus

489 3592 592 3664 dedit.
609 3590 718 3687 Cujus
735 3592 825 3688 signa
845 3590 918 3662 hae'c
932 3590 1018 3662 sunt.
1036 3594 1073 3664 Iu
1088 3608 1165 3663 toto
1178 3616 1325 3690 corpote
1336 3592 1444 3665 uredo

490 3700 654 3788 nascitur,
669 3701 836 3799 praecipue
853 3700 888 3771 in
906 3698 1025 3788 dorso,
1039 3698 1190 3796 squamas
1203 3702 1322 3774 finires
1335 3700 1443 3775 corti·
1477 3724 1481 3731 ’

490 3811 585 3884 cibus
604 3808 744 3892 sacit.ln
766 3809 923 3898 naribuS,
938 3809 973 3880 in
988 3808 1130 3904 pedibus
1151 3810 1250 3884 etiam
1273 3813 1309 3881 &
1332 3810 1375 3908 in
1389 3832 1444 3878 ca·
1557 3802 1559 3805 ’

490 3919 579 4015 pite,
594 3917 790 4015 papularum
805 3917 925 4016 servor
943 3918 1103 4014 emergit,
1121 3918 1179 3989 vel
1202 3940 1328 3989 ozaenae
1350 3915 1443 4010 alpe·

492 4030 599 4102 riores
617 4029 811 4125 srequenter
833 4020 1010 4101 oriuntur(
1025 4027 1217 4126 Priusquam
1239 4027 1312 4100 haec
1330 4024 1444 4099 oslen-

492 4136 613 4208 dantur
629 4134 774 4223 indicia,
788 4152 907 4207 ventre
921 4135 1034 4207 soluto
1047 4133 1128 4222 erit,
1143 4135 1182 4207 δι
1201 4131 1390 4220 marcescit,
1405 4133 1445 4207 &

493 4246 605 4341 aspere
620 4245 738 4318 tuffiet.
758 4242 865 4340 Cujus
879 4271 918 4321 os
932 4260 1041 4322 totum
1059 4272 1135 4319 cunr
1159 4247 1272 4343 lingua
1294 4233 1444 4342 asperum

494 4358 532 4436 δι
555 4350 658 4432 srmile
676 4355 821 4431 creditur
836 4356 909 4435 effe·
921 4356 1122 4437 contutum
1143 4380 1218 4454 quae
1231 4352 1332 4451 passm
1344 4352 1445 4454 pullis
