3875 5759
546 889 619 960 254
738 822 1241 938 ereTtrrrr.
1291 868 1316 937 1.

547 1029 623 1117 vit,
643 1027 889 1123 humoremque
907 1024 1050 1098 deducit.
1075 1024 1202 1098 Pulsata
1227 1026 1325 1100 etiam
1347 1041 1505 1124 quocun:

546 1161 614 1235 que
634 1136 715 1210 loeo
733 1160 841 1234 uena,
861 1160 998 1207 omnem
1012 1134 1204 1231 sanguinem
1219 1137 1394 1234 diligenter
1408 1140 1506 1211 exei-

545 1248 643 1345 pies,
665 1251 703 1320 &
717 1266 818 1318 aceto
833 1245 982 1342 oleoque
1005 1246 1208 1341 permixtum
1231 1250 1288 1319 vel
1303 1248 1374 1333 aliis
1397 1249 1505 1320 rnedi-

487 1443 491 1453 ,
546 1359 754 1443 caninibus,
767 1380 844 1452 quae
857 1354 945 1426 ratio
960 1355 1134 1452 deposcit,
1148 1356 1297 1428 animalis
1313 1358 1415 1453 ipsius
1428 1383 1505 1432 cora

545 1490 610 1562 pus
632 1485 813 1559 perunges,
836 1462 1072 1560 praecipueque
1094 1463 1188 1536 illum
1202 1464 1346 1551 locum,
1367 1493 1409 1539 ex
1432 1491 1504 1564 quo

544 1571 710 1642 detradtus
727 1569 775 1641 est
796 1570 1006 1667 sanguis‚&
1024 1572 1163 1669 quiesse
1182 1594 1314 1670 putatur
1337 1576 1370 1649 in
1395 1576 1506 1649 causa.

544 1679 691 1751 Constat
705 1679 818 1767 enirn,
832 1671 972 1752 naturali
982 1681 1123 1779 quadam
1137 1680 1269 1753 ratione
1284 1701 1383 1779 atque
1397 1685 1504 1755 bene-

483 1805 492 1836 “-
544 1784 627 1859 ficio
639 1841 654 1876 ‚k
665 1807 705 1886 ut
722 1789 856 1886 quidam
875 1788 989 1884 ajunt,
1003 1789 1110 1886 ipsum
1130 1789 1340 1886 sauguinem,
1354 1819 1431 1864 cum
1452 1794 1507 1866 su·

545 1896 698 1994 perfusus
718 1898 765 1969 est
788 1898 1023 1996 languentibus
1040 1898 1217 1989 membris,
1233 1898 1384 1993 praeslare
1400 1902 1505 1972 rnedi-
1596 1944 1599 1948 -

545 2010 683 2098 cinam,
706 2009 896 2106 vitiumque
918 2010 1053 2084 siccare.
1080 2013 1193 2102 Quam
1220 2011 1404 2081 curationis
1433 2011 1504 2081 sol·

545 2118 676 2190 lettiam
699 2143 771 2188 non
796 2136 935 2210 oportet
961 2118 1086 2190 omitti.
1112 2117 1273 2190 Praeterea
1301 2118 1505 2211 interpofitis
1576 2197 1578 2202 ,

546 2226 662 2298 diebus
677 2225 752 2321 post
771 2224 1022 2311 flebotomum,
1043 2226 1199 2312 animalia
1215 2228 1449 2322 producuntur
1463 2229 1506 2300 ad

544 2334 674 2424 solem,
688 2334 871 2431 &sanguis
890 2336 1075 2409 detrahitur
1098 2337 1144 2408 eis
1165 2338 1207 2406 de
1227 2338 1350 2431 palato.
1374 2336 1506 2430 Despu-

544 2464 682 2520 mantut
695 2462 805 2518 autem
815 2446 918 2535 tertio
931 2445 1071 2543 gradua
1085 2443 1240 2516 dentibus
1253 2443 1392 2517 caninis.
1406 2448 1505 2542 Quos

546 2573 686 2655 oportet
708 2551 861 2649 suspendi
883 2554 982 2627 altius
1003 2574 1142 2649 propter
1164 2550 1331 2658 sanguinis
1348 2552 1505 2639 fluxum,

545 2666 593 2739 ita
615 2685 653 2739 ut
665 2690 708 2739 eo
725 2665 779 2737 die
793 2664 993 2739 mollissimis
1015 2665 1147 2739 cibariis
1160 2683 1297 2738 utantur
1313 2666 1350 2737 &
1365 2662 1505 2738 furfure.

544 2774 767 2871 sequentibus
791 2794 903 2846 autern
926 2774 1065 2859 diebus,
1085 2778 1162 2846 'non
1185 2798 1235 2844 ex
1266 2771 1401 2868 integro
1424 2773 1505 2843 hor·

489 2961 499 2976 ι,
544 2884 939 2979 deum.consequantur,
953 2884 1007 2956 sed
1021 2909 1040 2957 a
1055 2884 1181 2958 vilibus
1200 2882 1385 2979 incipiant,
1405 2883 1443 2953 &
1463 2882 1506 2953 ad

456 3081 458 3086 Ι
545 2994 824 3067 consuetudinem
851 3018 911 3085 per
939 2994 1144 3087 fingulotum
1172 2992 1300 3066 dierum
1327 3013 1506 3089 augmenta

544 3098 755 3198 perveniant.
779 3098 1034 3193 consequenter
1058 3099 1174 3192 tepido
1198 3100 1251 3171 die
1273 3102 1441 3172 ducantur
1464 3104 1505 3173 ad

544 3229 636 3278 mare
657 3204 712 3275 vel
728 3203 874 3275 fluvium
889 3256 899 3291 ,
912 3204 1154 3298 diligenterque
1169 3205 1231 3273 loti
1245 3226 1427 3300 tergantur.
1446 3212 1506 3282 Vi·

544 3337 594 3385 no
611 3335 748 3409 quoque
765 3314 802 3385 ὃ(
819 3311 899 3382 oleo
920 3310 955 3381 in
969 3310 1039 3381 sole
1052 3311 1256 3409 perungendi
1271 3312 1345 3383 sunt
1360 3315 1506 3412 diligen·

544 3443 617 3512 ter,
630 3426 667 3497 δι
679 3421 892 3499 confricandi
905 3442 916 3512 ,‘
930 3440 968 3495 ut
985 3446 1130 3515 corpora
1143 3446 1260 3493 eorum
1275 3421 1429 3495 calesasla
1448 3447 1507 3499 aut

543 3531 727 3627 repellant,
743 3552 800 3603 aut
813 3530 979 3627 perferant
991 3529 1213 3626 perfrislionis
1227 3529 1396 3623 injuriam.
1417 3535 1505 3625 Qui·
1535 3580 1537 3585 -

543 3646 608 3716 bus
626 3640 803 3739 perfertis,
817 3642 895 3739 equi
916 3642 1048 3715 nobiles
1069 3663 1140 3714 tum
1161 3644 1296 3715 demum
1310 3646 1352 3716 ad
1370 3645 1504 3719 labores

431 3844 433 3847 γ
543 3751 723 3848 cursusque
746 3750 875 3824 itineris
898 3770 1119 3823 revocentur.

592 3862 719 3952 XXlll.
737 3860 917 3931 Sciendum
931 3860 978 3931 est
992 3877 1174 3954 praeterea,
1189 3858 1326 3932 casltata
1348 3860 1504 3935 animalia

541 3995 715 4067 nunquam
730 3988 891 4066 oportere
905 3970 1042 4065 depleri.
1057 3967 1152 4040 causa
1175 3969 1248 4042 haec
1262 3970 1329 4056 est,
1342 3969 1418 4064 quia
1433 3968 1502 4061 jam

542 4100 673 4177 partem
688 4080 812 4156 virium
824 4104 901 4153 cunt
915 4079 1050 4151 teslibus
1061 4078 1257 4166 amiserunt,
1272 4076 1501 4173 &‚s1depleta

543 4188 692 4277 fuerint,
710 4188 943 4263 vehementius
960 4199 1176 4262 enervantur.
1197 4189 1286 4260 Hinc
1311 4186 1380 4276 est,
1404 4187 1501 4283 quod

543 4295 641 4376 asinis
661 4320 734 4373 non
745 4296 966 4390 detrahendus
982 4294 1029 4371 esl
1047 4296 1198 4396 sanguis,
1214 4296 1293 4404 quia
1306 4296 1501 4373 naturaliter
