3875 5759
603 911 675 999 322
773 859 1287 975 vrcbrtrtm.
1333 901 1388 975 tt

604 1056 732 1134 tardius
752 1052 966 1133 confirmabit
988 1054 1102 1150 vires,
1123 1059 1299 1160 regulatitn
1313 1062 1568 1140 &solemniter

605 1169 677 1245 usta
698 1167 836 1245 curabist

654 1283 755 1360 tht
776 1277 811 1350 si
829 1275 985 1372 jumento
1006 1278 1185 1353 malandria
1209 1283 1251 1355 de
1273 1284 1407 1362 cervice
1430 1286 1564 1362 auferre

604 1388 756 1469 volueris
768 1441 781 1479 ,
794 1387 841 1459 ita
864 1386 971 1463 facies.
995 1390 1183 1465 Candentia
1202 1394 1456 1490 ptius-cauteria
1472 1423 1564 1494 prae·

602 1496 757 1599 parabis,
769 1497 888 1572 deinde
902 1497 1108 1574 ferramento
1126 1503 1320 1580 decarnabis
1338 1508 1406 1593 sc,
1422 1534 1464 1581 ne
1484 1535 1564 1582 ner·

603 1632 671 1685 vos
693 1626 835 1705 tangas,
856 1609 895 1684 &
915 1610 1053 1684 venulas
1072 1611 1289 1710 quascunque
1312 1616 1437 1690 videtis
1461 1617 1564 1691 emit·

601 1736 673 1793 tere
686 1717 875 1817 sanguinem
889 1772 901 1810 ,
913 1718 1047 1810 aduris,
1060 1738 1098 1793 ut
1111 1720 1212 1816 poffit
1229 1726 1363 1796 cruoris
1378 1726 1491 1799 tluxus
1506 1728 1562 1799 in·

598 1827 722 1903 ltiberi.
735 1829 833 1918 Cave
843 1843 972 1915 aurem,
983 1852 1026 1900 ne
1045 1827 1198 1902 cauteriis
1214 1828 1288 1924 plus
1300 1831 1439 1919 aduras,
1457 1837 1496 1907 dt
1511 1834 1562 1906 in·

598 1932 800 2032 'dignatione
822 1957 1009 2006 nervorum
1027 1933 1211 2029 periculum
1231 1932 1342 2010 facias.
1358 1937 1435 2010 Post
1451 1963 1563 2011 axun-

602 2048 659 2146 gia
687 2043 794 2119 veteri
813 2044 981 2119 cervicem
1007 2043 1224 2141 persricabis,
1240 2046 1278 2119 dc
1296 2044 1394 2119 fascia
1416 2047 1567 2125 munies.

602 2152 766 2252 Sequenti
784 2176 923 2258 quoque
936 2153 990 2224 die
1004 2153 1200 2249 cataplasma
1214 2152 1388 2249 imponere
1399 2154 1565 2248 incipies,

602 2264 780 2358 ablataque
797 2258 927 2333 serunta
947 2261 1035 2336 lotio
1049 2264 1160 2336 calido
1174 2263 1335 2353 fovebis,
1354 2263 1473 2337 deinde
1484 2291 1562 2339 ace-

601 2395 642 2447 to
662 2372 699 2444 δι
718 2366 800 2442 oleo
819 2365 947 2456 dilues,
958 2371 997 2441 δι
1009 2370 1257 2444 medicamentis
1272 2372 1358 2468 aptis
1372 2373 1514 2446 curabis.
1527 2374 1561 2449 Si

601 2482 670 2579 jam
690 2476 815 2553 videris
838 2476 1029 2551 cicatricem
1055 2479 1145 2575 pilos
1163 2504 1357 2570 renovare,
1383 2483 1560 2578 pulverem

601 2617 645 2665 ex
669 2587 792 2664 canino
808 2586 917 2683 capite
932 2587 1132 2679 combusto,
1145 2592 1183 2665 δι
1196 2588 1329 2686 adipem
1353 2591 1487 2666 suillum
1506 2617 1558 2667 re·

602 2723 735 2778 centem
747 2694 936 2793 permisces,
953 2696 1135 2772 &inducis
1148 2722 1212 2772 :ex
1225 2722 1297 2796 quo
1312 2700 1560 2777 medicamento

602 2809 642 2884 δι
657 2805 774 2878 sanitas
793 2803 1012 2902 consequitur
1021 2859 1033 2892 ,
1047 2806 1084 2878 δι
1098 2805 1244 2901 pilorum
1259 2807 1344 2881 redit
1363 2828 1516 2884 ornatus.

628 2904 770 2988 'xcltt
791 2911 825 2983 Si
851 2913 1244 3018 cervirdettillationem
1268 2918 1435 3012 patiatur,
1458 2920 1560 2993 turni·

600 3029 682 3103 'dior
708 3023 903 3110 videbitur,
926 3049 1026 3118 quam
1052 3042 1216 3119 oportet,
1236 3025 1395 3098 foetorem
1424 3028 1560 3103 habebit

601 3131 847 3208 canceraticum
866 3156 945 3204 cum
959 3134 1103 3204 humore
1121 3135 1221 3230 nigro
1233 3139 1270 3209 δι
1289 3137 1430 3232 liquido.
1451 3140 1560 3234 Cujus

600 3240 770 3318 foramina
779 3238 979 3311 scrutaberis
989 3241 1175 3337 diligenter,
1187 3270 1228 3316 nc
1243 3247 1382 3320 ulterius
1393 3250 1563 3323 internet-

600 3375 670 3424 vos
692 3365 748 3422 aut
767 3345 998 3420 atmorstmum
1023 3347 1279 3423 destillationem
1304 3353 1430 3428 fecerit.
1449 3356 1561 3447 Quod

599 3464 629 3539 st
647 3459 793 3549 accidit,
816 3483 919 3555 pauca
936 3458 1018 3532 hinc
1034 3458 1212 3533 difficulter
1228 3463 1389 3536 evadunt.
1413 3489 1489 3536 nam
1508 3465 1561 3540 his

600 3571 702 3668 signis
725 3566 898 3643 discrimen
925 3568 1135 3642 ostenditur:
1154 3568 1267 3644 stridet
1282 3573 1322 3645 de
1342 3576 1498 3669 pedore,
1521 3579 1559 3652 δι

602 3707 664 3781 per
682 3703 774 3753 nates
794 3681 972 3752 humorem
994 3677 1157 3778 liquidum
1173 3681 1329 3776 projicit.r
1341 3684 1404 3757 bac
1425 3684 1559 3761 ratione

598 3788 746 3868 curabis.
765 3785 941 3861 Foramina
955 3785 1094 3883 desuper
1109 3789 1281 3862 marrubio
1297 3792 1333 3864 dc
1351 3789 1415 3862 sale
1433 3792 1558 3887 pariter

598 3900 748 3979 contuso
762 3897 937 3994 implebis,
955 3915 1056 3994 atque
1070 3896 1232 3986 calcabis,
1249 3898 1361 3971 subter
1373 3919 1486 3975 autem
1503 3928 1558 3979 ca·

599 4011 790 4110 taplasmate
806 4007 961 4104 apposito
977 4005 1113 4079 laxabis.
1131 4012 1170 4079 lit
1184 4008 1208 4080 si
1222 4008 1290 4083 loci
1314 4010 1471 4084 conditio
1494 4037 1558 4108 pa·

598 4121 723 4206 tietut,
737 4117 885 4189 diaeresrn
907 4116 1023 4201 dabis,
1044 4133 1080 4185 nt
1102 4114 1191 4190 soras
1206 4116 1409 4214 perplagam
1429 4119 1557 4195 humor

597 4246 739 4303 emanet.
756 4226 876 4300 ‘sertio
903 4247 1041 4320 quoque
1063 4224 1117 4295 die
1143 4227 1248 4296 calida
1274 4226 1371 4298 urina
1400 4226 1555 4321 lavabis,

597 4336 719 4414 deinde
737 4333 935 4412 traumatico
954 4335 993 4409 δι
1018 4330 1136 4432 pannis
1152 4330 1250 4409 lineis
1273 4332 1410 4431 limpida
1424 4339 1462 4413 δι
1484 4363 1554 4435 pu·
