3875 5759
479 885 553 985 360
639 843 1155 957 ἰεοετιιιιιι
1204 883 1275 953 ιιι.
1387 955 1391 960 .

481 1065 521 1120 ιο
534 1042 646 1143 digitis
663 1058 800 1139 oportet
815 1039 957 1114 auferri:
974 1040 1029 1113 sed
1048 1039 1223 1113 fiinterius
1242 1040 1281 1113 sn
1292 1094 1304 1129 ,
1317 1056 1358 1113 ut
1372 1055 1456 1116 ma*

482 1179 531 1227 nu
549 1151 676 1226 detrahi
695 1168 765 1221 non
788 1151 908 1245 possit,
922 1176 1061 1223 cannam
1083 1150 1140 1221 vel
1159 1147 1301 1221 fistulam
1325 1150 1450 1245 perso-j

484 1284 591 1339 ratam
604 1260 741 1337 inserito
764 1259 937 1348 saucibus,
951 1259 990 1333 ic
1006 1285 1065 1356 per
1084 1286 1155 1332 eam
1169 1261 1315 1333 calidum
1329 1261 1450 1332 oleum

402 1353 409 1370 ’
486 1373 653 1446 infundes.
676 1393 752 1439 nam
776 1393 820 1440 eo
850 1373 1009 1442 conrasiu
1030 1370 1180 1442 bestiolae
1206 1369 1451 1465 importunitas

486 1480 621 1555 recedit
633 1476 734 1548 Odor
745 1501 881 1572 quoque
894 1478 1027 1566 cimini,
1042 1478 1138 1575 supet
1153 1480 1317 1552 carbones
1331 1480 1450 1574 impo-
1515 1571 1517 1578 ,

488 1590 564 1676 titi,
581 1585 640 1659 ubi
660 1584 884 1683 sanguisugam
911 1587 1094 1675 afflaverit,
1118 1587 1276 1659 evelleta
1296 1590 1453 1661 vulnere.
1521 1593 1523 1650 ἔ

489 1696 598 1788 Quod
621 1692 645 1765 st
664 1693 873 1767 stomachum
898 1696 952 1766 vel
971 1693 1163 1784 intestinum
1180 1698 1345 1783 tenuerit,
1367 1697 1455 1769 cali·

468 1876 472 1890 ,
489 1806 537 1875 do
559 1821 658 1875 aceto
674 1827 734 1898 per
754 1826 864 1875 cornu
885 1802 997 1874 infuso
1007 1822 1160 1895 necatur.
1184 1805 1341 1874 Machina
1358 1829 1457 1900 quo·

491 1937 560 2011 que
584 1912 797 2005 describenda
815 1913 861 1984 est
881 1911 1022 2002 fabrica,
1039 1937 1107 2011 qua
1125 1909 1281 2001 conclusa
1301 1909 1404 2001 cujus
1400 1912 1458 1980 vis

423 2061 426 2070 ·
489 2025 624 2123 generis
638 2022 787 2117 jumenta
803 2022 980 2122 bovesque
1001 2041 1183 2111 curantur,
1208 2041 1244 2093 ut
1258 2020 1289 2091 ei
1303 2038 1394 2091 tutus
1412 2020 1459 2089 ad

494 2135 660 2228 pecudem
674 2133 876 2205 medendum
888 2132 1035 2205 accessus
1055 2132 1112 2220 fit,
1126 2155 1189 2203 nec
1202 2129 1358 2200 luctando
1371 2152 1461 2222 qua·

495 2244 618 2338 drupes
629 2261 686 2314 aut
699 2242 848 2314 membra
862 2262 1032 2327 conuxet‚
1044 2267 1083 2314 ac
1097 2242 1141 2313 fic
1153 2240 1296 2313 remedia
1309 2236 1461 2333 despuet.

496 2354 674 2426 Roboreas
695 2353 776 2425 asses
790 2353 992 2450 constringis
1006 2406 1016 2442 ,
1030 2352 1172 2437 solium,
1186 2354 1279 2448 quod
1300 2351 1335 2421 in
1350 2348 1461 2447 longi·

498 2460 615 2532 tudine
637 2485 766 2533 novem
785 2462 884 2558 pedes
909 2462 1008 2533 debet
1022 2462 1170 2546 habere,
1189 2461 1223 2531 in
1249 2457 1461 2543 altitudinem

499 2595 577 2668 pars
599 2571 767 2669 posterior
792 2574 879 2669 duos
889 2627 902 2662 ,
918 2572 1140 2669 semipedem:
1160 2567 1235 2669 pars
1261 2594 1368 2658 vero,
1384 2592 1463 2667 quae

503 2683 547 2754 ad
568 2682 683 2779 priora
703 2684 897 2757 animalium
915 2682 1078 2780 pertinet,
1095 2675 1243 2781 quatuor
1266 2681 1389 2777 pedes:
1411 2697 1464 2749 te-

504 2810 632 2863 xuntur
644 2791 709 2882 ita,
726 2811 764 2865 ut
783 2792 899 2865 velum
918 2793 953 2865 in
969 2792 1106 2865 caudam
1121 2791 1256 2864 dullum
1280 2815 1351 2862 non
1366 2787 1466 2884 possit

507 2900 609 2971 exire.
626 2901 690 2972 Sed
707 2926 724 2973 a
749 2920 843 2997 parte
860 2900 1041 2997 posteriori
1063 2900 1234 2997 paululum
1256 2900 1432 2982 latiorem,
1449 2920 1468 2967 a

507 3008 624 3103 priore
639 3010 835 3085 stridiorem
848 3012 1036 3085 machinam
1053 3010 1226 3107 compingi
1239 3026 1385 3103 oportet.
1399 3002 1469 3077 Cui

508 3116 733 3190 transversum
748 3121 889 3219 tigillum
904 3121 946 3193 ad
964 3121 1103 3192 modurn
1115 3115 1472 3216 jugiconfirmandum

510 3222 581 3311 est,
600 3224 642 3295 ad
655 3228 749 3323 quod
764 3252 931 3325 equorum
944 3226 1069 3323 capita,
1083 3225 1140 3298 vel
1153 3228 1255 3297 boum
1275 3246 1403 3294 cornua
1417 3241 1474 3291 rc··

512 3330 667 3431 ligantur.
695 3362 772 3409 nam
786 3338 954 3435 reliquum
967 3360 1093 3433 corpus
1109 3334 1150 3430 ad
1168 3353 1318 3405 temones
1336 3326 1474 3417 socios,-

512 3445 573 3517 vel
593 3445 728 3520 funibus
745 3437 917 3546 alligetur,¹
932 3465 969 3520 ut
992 3446 1222 3542 juvamentum
1242 3438 1413 3537 praestetur
1429 3438 1485 3540 ad*

515 3559 680 3631 medentis
696 3561 882 3637 arbitrium.
902 3563 993 3655 Quae
1006 3557 1159 3632 machina
1172 3554 1213 3628 ad
1231 3549 1382 3641 omnium
1405 3574 1474 3621 ma·

515 3662 628 3759 jurum
648 3663 843 3739 animalium
863 3668 1025 3740 medelam
1039 3664 1134 3737 'solet
1147 3662 1211 3734 esse
1225 3657 1425 3733 communis.

566 3772 631 3847 llb.
656 3775 691 3845 Si
716 3775 842 3849 vulnus
867 3779 902 3850 in
923 3775 1052 3870 dorso,
1074 3788 1132 3844 aut
1154 3792 1355 3868 quacunque
1381 3782 1475 3862 parte

422 3888 426 3898 ’
518 3883 676 3980 corporis
702 3884 844 3979 coeperit
864 3886 986 3957 habere
1009 3904 1165 3969 vermes,
1195 3882 1232 3953 δι
1257 3877 1414 3958 timetur,
1434 3896 1477 3943 ne

519 3993 666 4091 putredo
684 3992 834 4065 vulneris
859 3993 1002 4065 transeat
1020 3991 1055 4061 in
1081 4013 1262 4075 cancrum,
1278 3982 1426 4078 nepitam
1443 3984 1481 4054 dc

418 4167 421 4171 .
519 4102 689 4179 cedrinam
712 4102 779 4175 stre
804 4103 981 4199 cyminum
1003 4098 1059 4171 vel
1086 4100 1230 4173 cicutam
1256 4111 1412 4166 conteres
1439 4117 1484 4163 ex

520 4236 617 4292 aceto
636 4219 673 4290 δι
688 4216 853 4312 impones.
867 4213 1002 4285 Calcem
1025 4234 1163 4307 quoque
1186 4205 1304 4279 vivam
1322 4227 1362 4273 ex
1380 4220 1483 4272 aceto

522 4326 685 4403 acerrimo
701 4339 940 4425 temperatam,
959 4344 1077 4397 necare
1096 4341 1230 4397 vermes
1248 4313 1484 4413 experimenta
