3875 5759
558 849 1430 1013 p.rnrrnurrnurrim

560 1073 785 1159 servandum,
799 1074 838 1147 ὃ(
853 1070 929 1143 sane
943 1070 1177 1165 excipiendam
1192 1070 1327 1144 calamis
1341 1059 1530 1154 novellam,

561 1181 623 1256 vel
646 1182 778 1280 exiguis
799 1181 883 1277 palis
896 1235 908 1272 ,
921 1200 959 1254 ut
974 1180 1075 1275 tertio
1096 1206 1189 1254 anno
1209 1179 1416 1252 robustiores
1430 1178 1530 1273 poffit
1603 1259 1606 1282 Ι

562 1290 729 1387 accipere.
749 1292 837 1362 stam
853 1289 1027 1388 quadrima
1042 1290 1203 1375 novella,
1218 1288 1276 1361 ubi
1290 1289 1407 1359 laetum
1419 1287 1529 1358 solum

562 1400 637 1488 est,
662 1419 729 1474 tres
749 1401 904 1480 materias
929 1400 1053 1490 merito
1081 1400 1210 1472 nutrire
1237 1415 1390 1494 cogetur.
1415 1396 1531 1469 Statim

561 1510 639 1607 post
651 1508 866 1604 putationem
877 1505 1041 1582 fermenta
1053 1508 1161 1597 decisa
1178 1505 1242 1605 [a]
1256 1506 1386 1594 vineis,
1401 1506 1440 1579 δι
1456 1506 1532 1578 rubi

435 1663 443 1676 s
562 1621 602 1693 δι
618 1618 895 1711 impedimentum
911 1614 1048 1690 folloris
1067 1641 1171 1689 omne
1189 1615 1341 1688 tollatur.

612 1728 708 1801 XVl.
729 1728 811 1808 Hoc
835 1728 936 1802 etiem
955 1727 1070 1801 mense
1088 1723 1315 1824 propagandae
1329 1722 1404 1794 sunt
1422 1722 1532 1797 vites:

562 1835 620 1910 sed
641 1855 740 1909 vetus
763 1836 802 1909 δι
823 1836 920 1914 exet:
940 1837 1070 1924 vinea,
1090 1836 1187 1929 cujus
1209 1836 1405 1905 duramenta
1429 1834 1531 1929 longe

561 1943 813 2042 procellerunt,
824 1963 862 2016 ut
874 1943 1069 2040 Columella
1087 1944 1188 2034 dicit,
1203 1940 1326 2037 mergis
1341 1939 1459 2020 melius
1474 1966 1532 2011 re-

561 2053 868 2151 parabitur,quam
881 2052 1104 2128 ti-infollrone
1116 2053 1222 2128 totius
1237 2051 1391 2146 corporis
1405 2051 1530 2121 obrua-

346 2256 351 2265 .
561 2183 628 2236 tur.
648 2164 744 2260 quod
767 2164 925 2259 agricolis
947 2181 1077 2235 certum
1099 2162 1146 2234 est
1168 2162 1354 2259 displicere.
1373 2161 1530 2254 Mergum

450 2355 455 2366 ι
563 2273 708 2346 dicimus
716 2267 731 2357 ,'
741 2272 877 2367 quoties
893 2272 989 2344 velut
1007 2297 1105 2346 arcus
1118 2267 1216 2368 supra'
1231 2292 1352 2343 terram
1367 2269 1530 2362 relinqui·

563 2402 640 2470 tur,
655 2375 827 2475 alia-pane
841 2378 921 2456 vitis
939 2378 1071 2453 infode.
1090 2408 1188 2470 nam,
1210 2403 1245 2470 ut
1258 2381 1306 2453 eit
1319 2380 1530 2466 Columella,

564 2514 643 2564 cum
657 2507 740 2574 totoe
753 2490 866 2568 stratae,
875 2488 972 2578 sunt,
986 2489 1139 2586 plurimis
1154 2490 1441 2574 radicibustotius
1453 2514 1533 2560 cor·

528 2621 531 2629 ·
563 2598 659 2697 poris
684 2598 878 2696 fatigantur.
899 2601 1010 2698 Mergi
1029 2624 1115 2673 vero
1140 2598 1216 2697 post
1244 2600 1420 2671 biennium
1443 2598 1532 2671 reci·

550 2710 690 2814 ¹duntur
702 2710 739 2784 in
755 2734 799 2781 ea·
810 2701 1018 2816 perceperuae
1037 2709 1134 2807 supra
1149 2709 1216 2813 est,
1232 2712 1318 2784 &in
1334 2710 1415 2783 loco
1429 2708 1531 2803 justas

492 2853 495 2858 ·
565 2822 654 2893 vires
676 2821 883 2917 relinquunt.
907 2817 998 2910 sed,
1019 2840 1059 2895 ut
1080 2822 1239 2921 agricole
1264 2824 1442 2923 efferunt,
1455 2821 1531 2915 post

562 2933 737 3006 biennium
753 2934 776 3003 fi
790 2931 939 3033 recides,
951 2925 1152 3031 plerumque
1168 2932 1315 3007 infirmas
1333 2934 1457 3007 habent
1475 2957 1531 3004 ra·

564 3044 709 3117 dices&
727 3032 866 3137 'repente
885 3042 982 3116 finnt
1000 3047 1153 3136 pereunt.

607 3153 725 3246 ,xvtt
748 3152 828 3222 Hoc
839 3147 951 3226 mense
968 3149 1083 3226 calidis
1100 3154 1138 3223 &
1151 3149 1273 3246 apricis
1293 3150 1379 3223 locis
1399 3154 1530 3247 optime

561 3261 754 3336 celebratur
766 3260 901 3351 insitio,
914 3277 992 3358 quae
1010 3257 1049 3331 fir
1070 3261 1178 3334 tribus
1194 3261 1382 3359 generibus.
1408 3265 1471 3334 Sed
1486 3292 1530 3336 ex

565 3369 617 3443 his
630 3370 699 3442 duo
719 3395 810 3452 nunc
823 3368 895 3443 fieri
911 3371 1069 3467 pollunt3
1081 3370 1218 3444 renium
1233 3370 1422 3444 reservatur
1434 3375 1530 3446 aella·

564 3481 603 3552 ti.
624 3484 708 3553 Sunt
721 3479 836 3553 autern'
850 3504 970 3577 genem
985 3479 1151 3558 inserendi
1166 3479 1238 3554 haec
1252 3507 1261 3553 r
1275 3500 1332 3553 aut
1349 3475 1530 3555 sub'corti-

564 3612 629 3677 ce,
646 3609 704 3662 aut
729 3588 764 3660 in
785 3608 928 3675 trunco,
948 3609 1007 3662 aut
1026 3590 1217 3686 emplastro.
1240 3587 1424 3665 inseremus
1448 3614 1530 3688 ergo

564 3696 611 3769 stc
624 3723 633 3769 ε
647 3698 815 3771 Arborem
836 3697 892 3772 vel
911 3701 1069 3787 ramum,
1083 3700 1123 3776 in
1139 3700 1238 3778 loco,
1260 3701 1318 3798 qui
1339 3700 1463 3773 nitidus
1482 3699 1530 3771 est

564 3804 686 3895 &fine
699 3805 879 3893 cicatrice,
894 3805 981 3878 serra
1000 3807 1186 3880 recidemus
1202 3834 1274 3880 non
1293 3808 1372 3879 laeso
1389 3808 1529 3883 cortice.

557 3905 641 4012 'post
660 3914 876 4012 serrpturam,
892 3917 1022 4015 plagam
1028 3917 1254 4001 ferramentis
1274 3918 1379 3992 acutis
1400 3918 1532 3990 incida·

564 4050 651 4097 mus.
675 4024 756 4097 lnde
776 4024 867 4120 quad
890 4050 1034 4100 cuneum
1057 4045 1195 4099 tenuem
1218 4018 1379 4109 ferreum,
1396 4026 1451 4096 vel
1472 4027 1530 4098 os·

565 4133 655 4206 seum
667 4189 679 4222 ‚
693 4133 841 4206 maxime
853 4134 1048 4220 leoninum,
1060 4136 1148 4208 inter
1162 4136 1324 4209 corticem
1341 4137 1379 4208 δι
1399 4135 1529 4232 lignum

567 4244 673 4316 tribus
699 4266 807 4340 prope
831 4242 944 4339 digitis
968 4244 1220 4318 consideranter
1244 4245 1465 4340 deponimus,
1486 4270 1529 4318 ne

567 4350 703 4457 corticis
728 4350 827 4427 fascia
848 4352 1042 4451 diffipetur3
1063 4356 1100 4432 δι
1128 4355 1164 4430 in
1186 4380 1264 4430 eum
1288 4349 1528 4431 modum'sub·
