3875 5759
537 847 585 941 24'0
657 798 1400 921 nntttnttnurttit

540 968 793 1102 ceterarumque
812 1006 926 1079 avium
944 1004 1019 1078 satis
1033 1004 1114 1077 utile
1130 1004 1189 1099 [est
1199 1006 1224 1098 ,]
1238 1004 1500 1102 exceptopalu·

539 1116 667 1194 sirium.
693 1116 846 1202 Stercus,
866 1114 960 1209 quod
984 1137 1077 1185 anno
1094 1114 1314 1209 requieverit,
1337 1112 1500 1212 segetibus

460 1269 463 1275 .
541 1222 625 1295 utile
646 1220 716 1311 esl,
738 1246 802 1294 nec
820 1220 939 1292 herbas
957 1218 1109 1296 creatrfi
1130 1217 1292 1292 vetustius
1315 1218 1373 1308 stt,
1388 1221 1500 1292 minus

541 1330 706 1429 proderit
720 1332 824 1430 pratis
838 1355 924 1404 vero
942 1327 1092 1403 recentia
1105 1329 1250 1402 stercora
1265 1328 1446 1424 proficient
1458 1333 1502 1404 ad

539 1443 628 1516 uber
643 1442 833 1526 herbatum.
855 1443 897 1513 Et
913 1439 1015 1514 maris
1030 1456 1245 1536 purgamenta
1256 1438 1303 1526 ‚st
1318 1438 1416 1534 aquis
1427 1438 1505 1511 dul·

540 1553 639 1627 cibus
650 1555 827 1643 eluantur,
842 1552 948 1626 mixta
964 1551 1101 1650 reliquis
1117 1550 1229 1623 vicem
1242 1547 1395 1625 stercoris
1408 1551 1506 1624 exhi·

543 1664 695 1755 bebunt,
707 1666 745 1738 dt
759 1664 856 1736 limus
865 1689 992 1761 ,quem
1016 1660 1198 1736 scaturiens
1218 1684 1304 1758 aqua
1325 1661 1384 1734 vel
1404 1660 1505 1736 fluvii

545 1772 754 1848 incrementa
769 1774 965 1869 respuerint.

596 1884 764 1959 XXXlV.
785 1884 886 1956 Horti
903 1880 1111 1977 &pomaria
1131 1877 1249 1952 domui
1262 1860 1421 1973 proxima
1440 1803 1507 1953 esse

546 1994 729 2071 debebunt.
743 1996 873 2068 Hortus
885 1994 924 2066 fit
937 1991 1150 2090 sterquilinio
1164 1991 1310 2064 maxime
1326 1991 1507 2087 subjedlus,

547 2101 646 2194 cujus
663 2129 741 2176 eum
760 2103 877 2178 succus
897 2103 1017 2198 sponte
1035 2101 1219 2177 foecundet.
1240 2101 1294 2176 ab
1311 2128 1386 2177 area
1404 2102 1507 2202 longe
1558 2097 1561 2104 ’

548 2212 630 2285 sttus
655 2214 729 2306 [stt]
752 2239 828 2285 nam
853 2205 1028 2309 pulverem
1054 2214 1222 2306 paleanrm
1244 2213 1371 2307 paritur
1392 2214 1509 2287 inimi«

549 2346 640 2398 curn.
660 2320 753 2392 Felix
767 2320 891 2416 positio
903 2321 968 2408 est,
981 2319 1037 2393 cui
1048 2320 1168 2391 leniter
1181 2315 1341 2394 inclinata
1355 2323 1509 2417 planities

552 2427 668 2501 cursus
686 2453 783 2525 aquae
801 2428 938 2516 fluentis
959 2453 1019 2522 per
1038 2427 1140 2523 spatia
1161 2427 1300 2522 discreta
1317 2427 1460 2505 derivat.
1475 2431 1510 2505 si

550 2536 632 2611 fons
645 2537 746 2628 desit,
761 2558 819 2611 aut
832 2538 1073 2634 imprimendus
1085 2537 1132 2609 est
1149 2553 1295 2632 puteus:
1314 2540 1434 2631 aut,sr
1448 2566 1512 2614 nc·

551 2673 655 2746 queas
678 2649 767 2739 hoc,
781 2648 908 2746 piscina
934 2645 1085 2744 superius
1103 2646 1325 2722 conflruenda
1348 2650 1450 2744 [alh]
1474 2671 1513 2729 ut

550 2757 648 2833 illinc
667 2785 767 2857 aquas
785 2759 909 2856 pluvia
924 2755 1142 2860 conserente,
1158 2760 1278 2833 liortus
1298 2785 1359 2857 per
1375 2762 1514 2835 aestivos

551 2867 680 2968 rigetur
694 2872 840 2946 ardores.
856 2870 891 2942 Si
900 2871 963 2947 hac
975 2872 1069 2943 omni
1084 2870 1244 2944 facultate
1257 2871 1419 2963 carueris,
1430 2871 1515 2945 sem·

346 3031 348 3038 .
411 3053 415 3060 ,
553 3002 616 3074 per
630 2977 727 3050 altius
741 2979 848 3049 tribus
864 2980 920 3074 vel
930 3002 1078 3072 quatuor
1091 2979 1229 3072 pedibus
1240 2979 1282 3049 ad
1294 2978 1413 3074 pallini
1427 2978 1516 3051 sirni-

553 3085 732 3158 litudinem
757 3084 865 3156 fodies
887 3086 1080 3174 hortulum,
1097 3087 1156 3181 qui
1175 3088 1220 3160 stc
1237 3086 1347 3161 cultus
1368 3089 1516 3185 negligat

553 3193 730 3266 siccitates.
763 3195 827 3265 Sed
854 3195 934 3268 huic
960 3195 1117 3291 quamvis
1144 3218 1264 3270 contra
1291 3197 1515 3271 necessitatem

553 3302 662 3409 mixta
674 3303 817 3377 stercore
829 3304 988 3401 qnalibet
1000 3325 1087 3378 terra
1101 3308 1303 3398 conueniat,
1319 3293 1430 3381 tamen
1443 3309 1516 3384 haec

554 3438 700 3512 genera
699 3412 807 3487 sunt
798 3439 833 3485 tn
854 3416 1020 3489 eledione
1043 3417 1201 3506 vitanda,
1213 3433 1304 3492 creta
1312 3444 1439 3515 ,quam
1460 3445 1518 3491 ar·

554 3524 672 3622 gillam
686 3524 829 3598 dicimus
837 3543 961 3621 ,atque
974 3526 1120 3600 rubrica.
1141 3527 1229 3600 lllud
1245 3552 1384 3627 quoque
1403 3528 1518 3602 custo·

553 3634 682 3706 diesin
705 3636 936 3732 hortis,quos
954 3637 1107 3709 humoris
1124 3657 1242 3710 natura
1264 3662 1335 3708 non
1357 3635 1516 3729 adjuvat,

555 3760 595 3816 at
608 3742 740 3817 dividas
754 3747 839 3840 [per]
852 3765 977 3842 partes,
991 3747 1029 3819 δι
1040 3746 1150 3817 hieme
1162 3745 1205 3817 ad
1218 3745 1413 3834 Meridiem,
1425 3744 1519 3815 asta-

553 3874 589 3928 te
602 3855 644 3927 ad
658 3856 944 3950 Septemttionem'
955 3855 1057 3951 spatia
1073 3855 1214 3928 colenda
1226 3873 1416 3939 convertas.
1431 3856 1519 3947 [De-

554 3960 638 4034 bent
654 3961 754 4033 etiam
775 3961 867 4032 horti
886 3961 950 4033 elle
969 3962 1093 4035 claust:
1111 3960 1180 4053 sed]
1197 3961 1396 4033 munitionis
1415 3961 1520 4032 multa

555 4072 631 4144 sunt
649 4095 783 4169 genera.
806 4070 873 4143 Alii
887 4071 960 4143 luto
975 4070 1064 4142 inter
1082 4070 1208 4143 formas
1222 4070 1353 4159 clauso,
1371 4069 1519 4163 parietes

555 4180 718 4279 figuratos
743 4208 783 4255 ex
809 4180 968 4255 lateribus
997 4183 1181 4255 imitantur.
1210 4182 1345 4275 Quibus
1373 4182 1517 4277 [copia]
1578 4227 1584 4236 ι

555 4288 721 4389 suppetit,
735 4290 896 4367 macerias
911 4292 986 4365 luto
1000 4295 1039 4367 dt
1052 4292 1164 4390 lapide
1175 4292 1335 4369 excitant.
1361 4291 1518 4391 Plerique
