3875 5759
533 905 1291 1029 truttrsrnnnurnrus.
1352 857 1472 1013 79J

436 1075 687 1163 dudo'ctmoo.
707 1077 813 1152 statim
830 1078 1000 1152 surculum
1021 1078 1202 1177 mergimus
1222 1106 1288 1153 una
1308 1101 1401 1175 parte

434 1190 585 1264 decisum
611 1190 703 1264 salva
721 1187 889 1276 medulla,
910 1191 948 1260 δι
967 1188 1098 1261 cortice
1120 1189 1221 1285 partis
1244 1190 1401 1279 alterius,

436 1301 496 1396 qui
528 1285 631 1395 supra¹
650 1300 808 1392 arborem
834 1296 890 1370 sex
918 1298 974 1369 vel
997 1299 1077 1371 οᾶο
1102 1298 1217 1396 digitis
1245 1299 1402 1374 emineat.

435 1406 559 1492 Duos,
578 1406 733 1495 veltres,
747 1404 806 1478 vel
819 1402 932 1501 plures'
945 1404 1099 1479 surculos
1114 1430 1178 1501 pro
1192 1406 1303 1498 trunci
1317 1430 1406 1503 qua-

376 1521 393 1537 “·
437 1515 532 1587 litate
552 1514 811 1589 constituimus:
829 1514 1000 1612 quaternis
1023 1514 1135 1610 digitis
1148 1566 1158 1599 ,
1170 1512 1237 1587 .vel
1259 1514 1404 1609 amplius

437 1623 526 1698 inter
539 1652 599 1738 cop
612 1625 752 1721 spatium
767 1626 1014 1722 relinquemus:
1036 1644 1118 1711 tnnc
1135 1622 1264 1718 junco,
1278 1625 1403 1697 aut-ul-
1470 1622 1474 1628 ’

438 1762 519 1826 mo,
531 1737 734 1820 nutrimine
752 1736 968 1834 stringetulu,
982 1738 1021 1816 δι
1040 1734 1137 1832 super
1155 1735 1264 1810 lutum
1283 1733 1403 1808 musco

439 1847 561 1938 tedium
586 1870 776 1941 ponemus,
791 1871 830 1918 ac
848 1845 1044 1942 ligabimus,
1066 1863 1103 1914 ut
1121 1862 1268 1936 quatuor
1291 1842 1403 1938 digitis

438 1954 536 2051 supra
551 1955 657 2028 lutum
672 1954 775 2051 poffrt
797 1953 948 2025 surculus
968 1951 1128 2022 eminere.
1147 1949 1326 2046 Plerosque
1345 1954 1404 2023 de·

414 2049 419 2056 ⁶
436 2063 538 2146 ledat
550 2064 695 2136 stridunt
711 2062 823 2161 primo
838 2060 930 2136 sedlae
942 2061 1073 2134 arboris
1085 2085 1243 2150 truncum
1258 2063 1405 2136 vinculis

363 2199 380 2220 ⁸
414 2168 418 2172 ’
439 2171 640 2248 arctioribus
652 2172 687 2242 in
698 2172 810 2245 medio
821 2170 967 2259 findere,
982 2176 1017 2245 δι
1032 2170 1079 2243 ibi
1094 2169 1245 2243 surculos
1260 2195 1302 2243 ex
1316 2189 1406 2245 utra·

374 2329 392 2342 .-
439 2302 507 2375 que
525 2296 619 2373 parte
639 2278 731 2351 rasos
744 2279 778 2352 in
797 2282 938 2368 modum
954 2279 1072 2366 cunei,
1086 2297 1123 2350 ut
1137 2279 1265 2376 integra
1278 2277 1317 2350 stt
1331 2304 1405 2351 tne-

439 2388 552 2477 dulla,
564 2388 769 2486 demergere,
781 2388 948 2485 pratillo
962 2408 1041 2460 ante
1054 2387 1228 2480 cuneolo‚
1243 2411 1314 2485 quo
1329 2388 1405 2460 sub·

360 2525 362 2530 ·
439 2497 750 2593 dudo,dep0s1tus
772 2499 921 2593 surculus
940 2500 1102 2571 redeunte
1122 2497 1157 2569 in
1178 2497 1310 2595 plagam
1331 2522 1403 2569 ma·
1515 2498 1526 2512 ⁵

369 2621 371 2626 '
439 2606 543 2693 teria,
558 2608 658 2702 poffit
669 2606 840 2703 adstringi.
853 2607 918 2680 Sed
930 2608 999 2680 hoc
1013 2628 1194 2703 utrumque
1209 2630 1315 2704 genus
1328 2630 1405 2678 ver-

363 2740 366 2745 ·
439 2740 523 2785 nunt
546 2720 614 2802 est,
633 2719 675 2798 dg
694 2713 731 2783 fit
748 2715 916 2786 crescente
933 2714 1033 2799 luna,
1053 2715 1113 2784 ubi
1133 2716 1254 2809 incipit
1274 2740 1405 2811 gemma

368 2842 378 2851 ‘
439 2824 607 2924 arborum
632 2821 826 2917 turgescere.
852 2821 984 2893 Surculi
1002 2837 1138 2908 autern,
1161 2824 1219 2919 qui
1239 2824 1406 2898 inserendi

443 2930 543 3015 sunt,
558 2928 621 3000 snit
644 2930 798 3018 novelli,
813 2929 1117 3022 settilesmodnst,
1131 2930 1174 3006 de
1198 2956 1295 3024 novo
1315 2938 1406 3028 nati,

444 3039 489 3109 ab
508 3039 664 3113 orientali
681 3039 810 3114 arboris
827 3039 1057 3140 mrtem,
1074 3041 1288 3118 crassitudine
1309 3048 1405 3143 digiti

442 3150 609 3241 minoris,
623 3151 745 3227 bifurci
763 3153 819 3227 vel
836 3152 1138 3254 trifurciffiemmis
1154 3155 1306 3251 pluribus
1321 3159 1405 3230 ube·

440 3259 515 3334 rati.
535 3262 569 3333 Si
590 3260 744 3336 arborem
766 3264 933 3342 minorem
954 3263 1156 3362 desderabis
1178 3263 1345 3351 inserere,
1367 3268 1405 3340 iu

440 3396 507 3468 qua
536 3372 605 3444 srne
633 3373 741 3447 dubio
766 3374 907 3445 meliora
936 3365 1145 3460 incrementit
1173 3367 1404 3467 proveniunt,

441 3481 533 3554 circa
553 3501 675 3555 terram
699 3482 830 3555 secato:
851 3484 890 3555 dt
906 3486 1000 3578 quod
1022 3486 1142 3558 melius
1163 3481 1234 3570 esi,
1254 3482 1404 3558 surculos
1481 3483 1484 3488 ’

441 3592 533 3664 inter
561 3593 950 3690 lignum-corticemque
977 3595 1131 3690 depone,
1158 3613 1243 3667 tunc
1269 3594 1403 3692 stringe

441 3700 592 3794 Quidam
610 3702 718 3775 rasum
740 3727 782 3774 ex
800 3722 941 3798 utraque
962 3725 1054 3797 parte
1075 3704 1244 3777 surculum
1258 3727 1404 3777 *conve-

443 3812 592 3911 nientem
618 3812 776 3885 soliditati
801 3811 933 3885 arboris
955 3811 1136 3886 inserendae
1160 3814 1204 3885 sic
1229 3812 1264 3888 in
1289 3814 1402 3883 medio

1576 1336 1605 1414 ιι,

443 3920 640 4016 deponunt,
654 3940 691 3995 ut
707 3940 825 3994 cortex
841 3920 962 3993 surculi
978 3920 1126 4016 undique
1140 3921 1259 4020 cortici
1271 3923 1404 3995 arboris

444 4032 602 4103 reddatur
620 4030 765 4126 aequalis.
786 4033 851 4102 Sed
865 4030 898 4100 in
921 4029 1059 4101 novella
1072 4032 1193 4103 arbore
1208 4053 1293 4104 terta
1309 4048 1403 4103 mota

445 4136 549 4228 usque
567 4141 732 4234 adipsum
753 4140 885 4211 insnum
906 4137 1194 4234 colligatur3quae
1215 4166 1286 4211 earn
1310 4162 1363 4210 res
1382 4165 1403 4212 tt

445 4270 552 4315 vento
582 4253 620 4321 δι
648 4251 762 4320 calore
789 4248 955 4323 defendet.
988 4247 1074 4317 Mihi
1099 4248 1232 4318 asseruit
1261 4248 1401 4343 diligens

446 4357 612 4452 agricola,
625 4383 726 4431 omne
741 4357 875 4434 insitum
896 4357 965 4432 sine
978 4337 1085 4429 dubio
1100 4351 1409 4449 comprehendere,
