3875 5759
610 883 743 957 nrt-trs
767 880 982 971 versatu.
1009 879 1111 955 srvis
1137 869 1336 997 uutou,
1374 822 1475 981 392·⁸

491 1063 569 1123 'eum
581 1047 664 1121 ovis
678 1072 738 1143 per
758 1069 800 1119 os
820 1045 915 1119 dabis
931 1046 973 1118 ad
996 1068 1120 1117 cornu*
1132 1042 1228 1120 Offas
1247 1063 1384 1142 qunque
1406 1070 1450 1121 ex

490 1157 626 1229 duobus
650 1153 800 1229 sextariis
824 1154 942 1228 satine
963 1155 1126 1251 triticea,
1148 1156 1284 1228 &mnu
1303 1152 1450 1229 sextario

489 1269 566 1341 ervi
575 1267 714 1362 pollinis
725 1267 845 1357 facies,
856 1268 980 1365 quibus
992 1265 1187 1339 admiscebis
1198 1289 1241 1338 err
1254 1263 1351 1363 supra
1367 1265 1450 1339 scr'i·

488 1396 553 1472 pto
574 1377 714 1471 pulvere
731 1377 883 1474 quinque
898 1376 1101 1449 cochlearia.
1116 1377 1180 1448 Sed
1197 1374 1346 1473 septenas
1361 1375 1450 1449 offu-

487 1486 535 1556 las
548 1485 665 1557 diebus
678 1484 814 1583 fingusis
826 1485 972 1583 digeras,
986 1510 1070 1584 quas
1084 1485 1237 1582 quotidie
1249 1487 1288 1557 ad
1304 1483 1449 1558 substan·

489 1592 570 1662 riam
585 1593 817 1683 dabis,donec
832 1596 928 1668 cibos
936 1614 1044 1669 tenter
1053 1612 1220 1691 appetere.
1229 1593 1296 1666 Cui
1310 1616 1450 1667 omnent

487 1702 597 1774 escam
624 1725 765 1802 propter
791 1705 957 1780 fastidium
978 1707 1123 1779 viridem
1146 1723 1285 1799 oportet
1310 1701 1452 1794 offerri,

488 1815 528 1885 δι
542 1817 716 1888 contrario
730 1816 925 1890 lenticulam
940 1840 1016 1888 cunt
1031 1814 1145 1887 tritico
1158 1814 1215 1885 vel
1229 1813 1360 1886 hordeo
1373 1833 1449 1887 tot·
1524 1849 1526 1856 ⁴

486 1919 632 2010 restuto,
645 1948 723 1997 cum
739 1925 833 2025 palea
858 1924 973 2013 dabis,
987 1942 1048 2012 ur,
1061 1921 1225 2020 quidquid
1246 1945 1288 1993 ex
1305 1920 1447 1994 diversi·

487 2044 555 2101 tare
574 2030 730 2103 ciborum
744 2029 915 2130 vuluerit,
929 2030 1038 2126 eligat.
1052 2030 1119 2103 Lac
1132 2047 1244 2101 tamen
1259 2050 1374 2100 recens
1388 2049 1449 2101 co·

485 2134 569 2206 ridie
595 2137 627 2206 ei
656 2136 823 2207 convenit
849 2137 937 2210 dare.
963 2135 1169 2211 Deambulet
1195 2135 1362 2234 primum:
1385 2133 1447 2209 ubi
1500 2216 1503 2222 ⁸

487 2243 632 2337 coeperit
650 2243 909 2335 convalescere,
923 2247 964 2318 ad
990 2245 1186 2320 exercitium
1215 2244 1448 2319 revocandum

486 2350 543 2423 est.
559 2354 626 2424 Lac
642 2351 667 2422 st
681 2352 844 2441 desuerit,
861 2378 1007 2452 aquam,
1020 2354 1057 2428 in
1075 2378 1140 2453 qua
1156 2379 1273 2428 ervum
1289 2353 1381 2452 prins
1395 2353 1447 2426 lo·

485 2480 558 2533 rum
580 2460 634 2534 die
653 2486 691 2535 ac
716 2464 817 2536 notre
840 2458 1078 2561 permanserit,
1106 2465 1198 2538 dabis
1223 2466 1259 2537 in
1285 2483 1380 2560 potu.
1406 2466 1449 2536 ln
1528 2501 1534 2526 ι

484 2568 581 2644 causa
603 2572 803 2668 pulmonum
822 2573 863 2645 de
878 2573 1013 2646 cervice
1036 2573 1092 2644 vel
1111 2573 1152 2643 de
1166 2570 1279 2665 palato
1298 2570 1354 2644 'his
1374 2569 1447 2642 san·

483 2680 557 2776 guis
577 2680 747 2768 aufertur,
761 2679 884 2774 quibus
900 2705 963 2752 nec
977 2678 1144 2752 fastidium
1159 2678 1292 2765 evenit,
1305 2678 1359 2751 sed
1374 2677 1445 2749 sor·
1543 2708 1548 2726 ¹

483 2792 572 2864 riora
589 2790 663 2862 sunt
680 2813 837 2883 corpora.
856 2789 998 2861 Cineres
1012 2812 1150 2886 quoque
1165 2787 1249 2860 ulmi
1264 2787 1326 2861 loti
1341 2789 1379 2862 δι
1392 2785 1443 2858 in·

481 2896 547 2968 fust
567 2922 653 2994 aqua
675 2921 751 2970 cum
771 2895 858 2967 vino
876 2898 981 2970 veteri
1004 2895 1138 2993 optimo
1163 2898 1318 2996 odorato·
1332 2894 1442 2969 hemi·

483 3032 543 3080 nas
562 3008 704 3105 singulas
723 3005 839 3079 misces
861 3008 899 3082 δι
920 3006 1023 3080 dabis
1040 3008 1148 3101 Quod
1166 3008 1191 3079 st
1211 3003 1445 3081 vehementius

483 3136 645 3193 vexatum
673 3119 892 3215 aegritudine,
914 3120 1068 3193 transivit
1093 3119 1129 3191 in
1152 3118 1333 3193 morbum:
1352 3116 1442 3210 radi-

483 3228 533 3302 cis
558 3228 686 3302 lentisci
702 3229 915 3318 drachmam,
934 3228 1018 3305 turis
1040 3228 1153 3304 uncias
1176 3230 1275 3316 duas,
1293 3229 1445 3328 myrrhae

482 3335 836 3424 drachmam,succari
849 3335 1238 3426 semiunciam,·contere
1251 3334 1441 3432 diligenter,

481 3449 521 3519 δι
544 3471 621 3519 cum
642 3446 728 3518 vino
754 3444 915 3516 suffunde.
937 3447 1021 3518 Sunt
1045 3450 1081 3519 δι
1100 3445 1157 3518 itta
1181 3443 1344 3517 remediat
1359 3445 1439 3517 Uva

482 3553 558 3624 alba
577 3552 613 3623 in
630 3575 670 3623 os
684 3550 761 3647 equi
776 3551 966 3647 frequenter
983 3553 1206 3648 exprimatur,
1222 3551 1331 3625 semen
1351 3549 1437 3625 radi·

481 3660 531 3734 cis
545 3661 642 3733 datur
661 3659 697 3730 in
718 3659 826 3749 vino,
840 3661 1026 3759 amygdalae
1045 3660 1142 3734 frixae
1154 3687 1233 3737 eum
1253 3688 1337 3761 aqua
1354 3663 1438 3737 osse·

483 3789 615 3845 runtur.
628 3770 693 3842 Sed
702 3765 748 3842 est
761 3769 824 3843 alia
833 3770 1004 3844 efficacior
1016 3772 1131 3866 potio:
1142 3770 1359 3845 Cardamomi
1373 3795 1437 3844 un·

482 3881 553 3954 cias
577 3880 681 3964 duas,
704 3878 810 3950 casstae
828 3878 984 3967 unciam,
999 3878 1136 3955 storacis
1157 3879 1291 3954 unciam
1311 3904 1437 3956 unam:

480 4015 558 4086 quae
582 3988 718 4079 omnia,
735 3987 758 4059 si
776 3987 921 4062 validior
938 3991 977 4065 δι
991 3989 1063 4061 fine
1077 3989 1169 4064 febre
1184 3990 1268 4081 erit,
1286 4013 1362 4063 cum
1380 3991 1436 4069 vi·

481 4119 553 4178 no;
568 4095 592 4165 fi
607 4096 768 4186 febriens,
781 4120 857 4169 cum
871 4096 972 4171 succo
986 4096 1121 4195 ptisana
1134 4088 1195 4195 ber
1209 4122 1250 4174 os
1261 4097 1365 4171 dabis.

531 4204 652 4276 XLVs.
671 4204 950 4301 Orthopnoicum
966 4204 1154 4300 jumentum
1175 4205 1227 4279 his
1243 4203 1436 4303 agnoscitur

483 4308 605 4410 fignis:
628 4312 762 4387 Etiamsi
786 4313 934 4428 trahatur
945 4370 959 4409 ,
983 4315 1353 4494 ambularessdgrrastat,
1371 4338 1432 4393 aa·

1221 4448 1250 4516 4
1272 4475 1278 4486 .
