<?xml version="1.0" encoding="UTF-8"?>
<!DOCTYPE html PUBLIC "-//W3C//DTD XHTML 1.0 Transitional//EN"
    "http://www.w3.org/TR/xhtml1/DTD/xhtml1-transitional.dtd">
<html xmlns="http://www.w3.org/1999/xhtml" xml:lang="en" lang="en">
 <head>
  <title>
</title>
<meta http-equiv="Content-Type" content="text/html;charset=utf-8" />
  <meta name='ocr-system' content='tesseract 3.04.00' />
  <meta name='ocr-capabilities' content='ocr_page ocr_carea ocr_par ocr_line ocrx_word'/>
</head>
<body>
  <div class='ocr_page' id='page_1' title='image "./scriptoresreiru00gesngoog_0044.png"; bbox 0 0 3875 5759; ppageno 0'>
   <div class='ocr_carea' id='block_1_1' title="bbox 504 919 1373 1025">
    <p class='ocr_par' dir='ltr' id='par_1_1' title="bbox 504 919 1373 1025">
     <span class='ocr_line' id='line_1_1' title="bbox 504 919 1373 1025; baseline 0.003 -28"><span class='ocrx_word' id='word_1_1' title='bbox 504 919 1373 1025; x_wconf 63' lang='lat' dir='ltr'>prnnnnnou‘uorrirr</span> 
     </span>
    </p>
   </div>
   <div class='ocr_carea' id='block_1_2' title="bbox 433 1075 1486 3680">
    <p class='ocr_par' dir='ltr' id='par_1_2' title="bbox 433 1075 1486 3680">
     <span class='ocr_line' id='line_1_2' title="bbox 508 1075 1468 1178; baseline 0.005 -26"><span class='ocrx_word' id='word_1_2' title='bbox 508 1103 585 1161; x_wconf 66' lang='lat' dir='ltr'>nem</span> <span class='ocrx_word' id='word_1_3' title='bbox 601 1076 749 1153; x_wconf 87' lang='lat' dir='ltr'>coeundi</span> <span class='ocrx_word' id='word_1_4' title='bbox 761 1076 932 1152; x_wconf 78' lang='lat' dir='ltr'>masculus</span> <span class='ocrx_word' id='word_1_5' title='bbox 953 1075 1303 1178; x_wconf 80' lang='lat' dir='ltr'>confitetur,quoties</span> <span class='ocrx_word' id='word_1_6' title='bbox 1326 1086 1414 1164; x_wconf 88' lang='lat' dir='ltr'>circa</span> <span class='ocrx_word' id='word_1_7' title='bbox 1435 1083 1468 1157; x_wconf 85' lang='lat' dir='ltr'>se</span> 
     </span>
     <span class='ocr_line' id='line_1_3' title="bbox 508 1187 1468 1291; baseline 0.002 -25"><span class='ocrx_word' id='word_1_8' title='bbox 508 1190 663 1268; x_wconf 71' lang='lat' dir='ltr'>amislum</span> <span class='ocrx_word' id='word_1_9' title='bbox 679 1188 793 1262; x_wconf 83' lang='lat' dir='ltr'>caudae</span> <span class='ocrx_word' id='word_1_10' title='bbox 806 1188 1005 1285; x_wconf 84' lang='lat' dir='ltr'>gemmantis</span> <span class='ocrx_word' id='word_1_11' title='bbox 1018 1187 1197 1284; x_wconf 72' lang='lat' dir='ltr'>incurvat,</span> <span class='ocrx_word' id='word_1_12' title='bbox 1212 1194 1249 1264; x_wconf 89' lang='lat'>&amp;</span> <span class='ocrx_word' id='word_1_13' title='bbox 1264 1191 1468 1291; x_wconf 76' lang='lat' dir='ltr'>singularum</span> 
     </span>
     <span class='ocr_line' id='line_1_4' title="bbox 507 1296 1467 1398; baseline 0 -21"><span class='ocrx_word' id='word_1_14' title='bbox 507 1300 617 1398; x_wconf 79' lang='lat' dir='ltr'>capita</span> <span class='ocrx_word' id='word_1_15' title='bbox 629 1300 763 1374; x_wconf 88' lang='lat' dir='ltr'>oculata</span> <span class='ocrx_word' id='word_1_16' title='bbox 777 1320 961 1395; x_wconf 88' lang='lat' dir='ltr'>pennarum</span> <span class='ocrx_word' id='word_1_17' title='bbox 977 1296 1064 1372; x_wconf 84' lang='lat' dir='ltr'>locis</span> <span class='ocrx_word' id='word_1_18' title='bbox 1076 1296 1144 1375; x_wconf 87' lang='lat' dir='ltr'>suis</span> <span class='ocrx_word' id='word_1_19' title='bbox 1162 1297 1283 1371; x_wconf 82' lang='lat' dir='ltr'>exserit</span> <span class='ocrx_word' id='word_1_20' title='bbox 1299 1328 1376 1376; x_wconf 91' lang='lat' dir='ltr'>curn</span> <span class='ocrx_word' id='word_1_21' title='bbox 1391 1303 1467 1376; x_wconf 82' lang='lat' dir='ltr'>stri·</span> 
     </span>
     <span class='ocr_line' id='line_1_5' title="bbox 442 1393 1466 1510; baseline 0.002 -26"><span class='ocrx_word' id='word_1_22' title='bbox 442 1503 445 1510; x_wconf 72' lang='lat'>‚</span> <span class='ocrx_word' id='word_1_23' title='bbox 504 1413 591 1484; x_wconf 82' lang='lat' dir='ltr'>doce</span> <span class='ocrx_word' id='word_1_24' title='bbox 613 1396 829 1505; x_wconf 80' lang='lat' dir='ltr'>procurrens.</span> <span class='ocrx_word' id='word_1_25' title='bbox 846 1407 881 1478; x_wconf 89' lang='lat' dir='ltr'>Si</span> <span class='ocrx_word' id='word_1_26' title='bbox 899 1430 971 1477; x_wconf 86' lang='lat' dir='ltr'>ova</span> <span class='ocrx_word' id='word_1_27' title='bbox 992 1393 1165 1502; x_wconf 74' lang='lat' dir='ltr'>pauonum</span> <span class='ocrx_word' id='word_1_28' title='bbox 1186 1408 1317 1505; x_wconf 84' lang='lat' dir='ltr'>gal-linis</span> <span class='ocrx_word' id='word_1_29' title='bbox 1338 1414 1466 1509; x_wconf 89' lang='lat' dir='ltr'>suppo·</span> 
     </span>
     <span class='ocr_line' id='line_1_6' title="bbox 455 1514 1467 1607; baseline 0.001 -16"><span class='ocrx_word' id='word_1_30' title='bbox 455 1550 460 1556; x_wconf 93' lang='lat'>·</span> <span class='ocrx_word' id='word_1_31' title='bbox 505 1532 649 1607; x_wconf 85' lang='lat' dir='ltr'>uantur,</span> <span class='ocrx_word' id='word_1_32' title='bbox 666 1514 830 1588; x_wconf 79' lang='lat' dir='ltr'>excusata</span> <span class='ocrx_word' id='word_1_33' title='bbox 844 1516 1023 1596; x_wconf 79' lang='lat' dir='ltr'>matresab</span> <span class='ocrx_word' id='word_1_34' title='bbox 1034 1514 1274 1604; x_wconf 72' lang='lat' dir='ltr'>incubatione,</span> <span class='ocrx_word' id='word_1_35' title='bbox 1291 1518 1397 1592; x_wconf 89' lang='lat' dir='ltr'>tribus</span> <span class='ocrx_word' id='word_1_36' title='bbox 1413 1518 1467 1592; x_wconf 85' lang='lat' dir='ltr'>vi·</span> 
     </span>
     <span class='ocr_line' id='line_1_7' title="bbox 504 1622 1465 1725; baseline 0.001 -24"><span class='ocrx_word' id='word_1_37' title='bbox 504 1626 601 1701; x_wconf 91' lang='lat' dir='ltr'>cibus</span> <span class='ocrx_word' id='word_1_38' title='bbox 621 1647 820 1722; x_wconf 87' lang='lat' dir='ltr'>perannum</span> <span class='ocrx_word' id='word_1_39' title='bbox 841 1622 946 1695; x_wconf 90' lang='lat' dir='ltr'>soetus</span> <span class='ocrx_word' id='word_1_40' title='bbox 959 1623 1074 1698; x_wconf 88' lang='lat' dir='ltr'>edunt.</span> <span class='ocrx_word' id='word_1_41' title='bbox 1092 1623 1221 1698; x_wconf 85' lang='lat' dir='ltr'><strong>Primus</strong></span> <span class='ocrx_word' id='word_1_42' title='bbox 1234 1644 1347 1722; x_wconf 85' lang='lat' dir='ltr'>partus</span> <span class='ocrx_word' id='word_1_43' title='bbox 1359 1631 1465 1725; x_wconf 89' lang='lat' dir='ltr'>quin·</span> 
     </span>
     <span class='ocr_line' id='line_1_8' title="bbox 475 1727 1486 1831; baseline 0.003 -25"><span class='ocrx_word' id='word_1_44' title='bbox 475 1761 477 1768; x_wconf 94' lang='lat'>·</span> <span class='ocrx_word' id='word_1_45' title='bbox 502 1760 570 1831; x_wconf 89' lang='lat' dir='ltr'>que</span> <span class='ocrx_word' id='word_1_46' title='bbox 592 1737 764 1817; x_wconf 74' lang='lat' dir='ltr'>ovorum,</span> <span class='ocrx_word' id='word_1_47' title='bbox 780 1730 943 1803; x_wconf 88' lang='lat' dir='ltr'>sccundus</span> <span class='ocrx_word' id='word_1_48' title='bbox 957 1750 1124 1827; x_wconf 70' lang='lat' dir='ltr'>quatuor,</span> <span class='ocrx_word' id='word_1_49' title='bbox 1139 1732 1259 1805; x_wconf 86' lang='lat' dir='ltr'>tertius</span> <span class='ocrx_word' id='word_1_50' title='bbox 1280 1735 1381 1809; x_wconf 89' lang='lat' dir='ltr'>trium</span> <span class='ocrx_word' id='word_1_51' title='bbox 1407 1738 1464 1811; x_wconf 89' lang='lat' dir='ltr'>vel</span> <span class='ocrx_word' id='word_1_52' title='bbox 1483 1727 1486 1732; x_wconf 39' lang='lat'>¹</span> 
     </span>
     <span class='ocr_line' id='line_1_9' title="bbox 503 1835 1463 1943; baseline 0 -26"><span class='ocrx_word' id='word_1_53' title='bbox 503 1846 650 1919; x_wconf 88' lang='lat' dir='ltr'>duorum</span> <span class='ocrx_word' id='word_1_54' title='bbox 664 1841 728 1915; x_wconf 83' lang='lat' dir='ltr'>esse</span> <span class='ocrx_word' id='word_1_55' title='bbox 738 1835 926 1914; x_wconf 86' lang='lat' dir='ltr'>consuevit.</span> <span class='ocrx_word' id='word_1_56' title='bbox 938 1839 1004 1911; x_wconf 83' lang='lat' dir='ltr'>Sed</span> <span class='ocrx_word' id='word_1_57' title='bbox 1018 1839 1129 1911; x_wconf 78' lang='lat' dir='ltr'>eleclae</span> <span class='ocrx_word' id='word_1_58' title='bbox 1144 1838 1187 1937; x_wconf 81' lang='lat' dir='ltr'>(si</span> <span class='ocrx_word' id='word_1_59' title='bbox 1201 1840 1268 1914; x_wconf 92' lang='lat' dir='ltr'>hoc</span> <span class='ocrx_word' id='word_1_60' title='bbox 1283 1844 1463 1943; x_wconf 84' lang='lat' dir='ltr'>placuerit)</span> 
     </span>
     <span class='ocr_line' id='line_1_10' title="bbox 503 1947 1462 2049; baseline -0.001 -20"><span class='ocrx_word' id='word_1_61' title='bbox 503 1954 651 2029; x_wconf 85' lang='lat' dir='ltr'>nutrices</span> <span class='ocrx_word' id='word_1_62' title='bbox 665 1948 798 2049; x_wconf 78' lang='lat' dir='ltr'>gallinae</span> <span class='ocrx_word' id='word_1_63' title='bbox 810 1948 874 2021; x_wconf 77' lang='lat' dir='ltr'>sint</span> <span class='ocrx_word' id='word_1_64' title='bbox 884 1998 894 2035; x_wconf 93' lang='lat'>,</span> <span class='ocrx_word' id='word_1_65' title='bbox 905 1973 1013 2048; x_wconf 77' lang='lat' dir='ltr'>quaea</span> <span class='ocrx_word' id='word_1_66' title='bbox 1025 1947 1136 2043; x_wconf 87' lang='lat' dir='ltr'>ptimo</span> <span class='ocrx_word' id='word_1_67' title='bbox 1149 1949 1357 2025; x_wconf 87' lang='lat' dir='ltr'>incremento</span> <span class='ocrx_word' id='word_1_68' title='bbox 1372 1956 1462 2027; x_wconf 82' lang='lat' dir='ltr'>lunae</span> 
     </span>
     <span class='ocr_line' id='line_1_11' title="bbox 502 2057 1461 2159; baseline -0.002 -22"><span class='ocrx_word' id='word_1_69' title='bbox 502 2087 630 2137; x_wconf 89' lang='lat' dir='ltr'>novem</span> <span class='ocrx_word' id='word_1_70' title='bbox 648 2061 763 2132; x_wconf 83' lang='lat' dir='ltr'>diebus</span> <span class='ocrx_word' id='word_1_71' title='bbox 779 2057 922 2129; x_wconf 88' lang='lat' dir='ltr'>habeant</span> <span class='ocrx_word' id='word_1_72' title='bbox 934 2080 1064 2129; x_wconf 86' lang='lat' dir='ltr'>novem</span> <span class='ocrx_word' id='word_1_73' title='bbox 1077 2080 1148 2134; x_wconf 81' lang='lat' dir='ltr'>ova</span> <span class='ocrx_word' id='word_1_74' title='bbox 1162 2057 1347 2154; x_wconf 83' lang='lat' dir='ltr'>supposta,</span> <span class='ocrx_word' id='word_1_75' title='bbox 1361 2064 1461 2159; x_wconf 83' lang='lat' dir='ltr'>quin·</span> 
     </span>
     <span class='ocr_line' id='line_1_12' title="bbox 500 2163 1461 2271; baseline -0.002 -25"><span class='ocrx_word' id='word_1_76' title='bbox 500 2196 570 2271; x_wconf 85' lang='lat' dir='ltr'>que</span> <span class='ocrx_word' id='word_1_77' title='bbox 602 2168 794 2266; x_wconf 87' lang='lat' dir='ltr'>pavonina,</span> <span class='ocrx_word' id='word_1_78' title='bbox 821 2168 860 2239; x_wconf 78' lang='grc' dir='ltr'>δι</span> <span class='ocrx_word' id='word_1_79' title='bbox 882 2184 993 2237; x_wconf 89' lang='lat' dir='ltr'>cetera</span> <span class='ocrx_word' id='word_1_80' title='bbox 1015 2163 1064 2242; x_wconf 89' lang='lat' dir='ltr'>sui</span> <span class='ocrx_word' id='word_1_81' title='bbox 1086 2168 1226 2262; x_wconf 75' lang='lat' dir='ltr'>generis.</span> <span class='ocrx_word' id='word_1_82' title='bbox 1251 2169 1381 2244; x_wconf 89' lang='lat' dir='ltr'>decima</span> <span class='ocrx_word' id='word_1_83' title='bbox 1404 2172 1461 2246; x_wconf 87' lang='lat' dir='ltr'>die</span> 
     </span>
     <span class='ocr_line' id='line_1_13' title="bbox 497 2276 1458 2377; baseline 0.005 -25"><span class='ocrx_word' id='word_1_84' title='bbox 497 2283 596 2377; x_wconf 87' lang='lat' dir='ltr'>[ova]</span> <span class='ocrx_word' id='word_1_85' title='bbox 616 2278 731 2352; x_wconf 87' lang='lat' dir='ltr'>omnia</span> <span class='ocrx_word' id='word_1_86' title='bbox 751 2277 934 2375; x_wconf 83' lang='lat' dir='ltr'>gallinacea</span> <span class='ocrx_word' id='word_1_87' title='bbox 952 2276 1205 2367; x_wconf 87' lang='lat' dir='ltr'>subtrahantur,</span> <span class='ocrx_word' id='word_1_88' title='bbox 1229 2280 1268 2351; x_wconf 77' lang='grc' dir='ltr'>δι</span> <span class='ocrx_word' id='word_1_89' title='bbox 1289 2280 1353 2369; x_wconf 88' lang='lat' dir='ltr'>alia</span> <span class='ocrx_word' id='word_1_90' title='bbox 1377 2282 1458 2357; x_wconf 87' lang='lat' dir='ltr'>item</span> 
     </span>
     <span class='ocr_line' id='line_1_14' title="bbox 433 2383 1460 2488; baseline 0 -26"><span class='ocrx_word' id='word_1_91' title='bbox 433 2395 436 2407; x_wconf 94' lang='lat'>&#39;</span> <span class='ocrx_word' id='word_1_92' title='bbox 493 2391 679 2488; x_wconf 72' lang='lat' dir='ltr'>&#39;gallinacea</span> <span class='ocrx_word' id='word_1_93' title='bbox 695 2386 837 2458; x_wconf 89' lang='lat' dir='ltr'>totidem</span> <span class='ocrx_word' id='word_1_94' title='bbox 850 2383 998 2457; x_wconf 85' lang='lat' dir='ltr'>recentia</span> <span class='ocrx_word' id='word_1_95' title='bbox 1010 2386 1256 2480; x_wconf 85' lang='lat' dir='ltr'>supponantur,</span> <span class='ocrx_word' id='word_1_96' title='bbox 1267 2409 1354 2485; x_wconf 89' lang='lat' dir='ltr'>quot</span> <span class='ocrx_word' id='word_1_97' title='bbox 1366 2391 1460 2463; x_wconf 87' lang='lat' dir='ltr'>abla-</span> 
     </span>
     <span class='ocr_line' id='line_1_15' title="bbox 494 2493 1458 2595; baseline -0.001 -22"><span class='ocrx_word' id='word_1_98' title='bbox 494 2519 531 2573; x_wconf 86' lang='lat' dir='ltr'>ta</span> <span class='ocrx_word' id='word_1_99' title='bbox 550 2498 641 2587; x_wconf 89' lang='lat' dir='ltr'>sunt,</span> <span class='ocrx_word' id='word_1_100' title='bbox 659 2516 697 2569; x_wconf 90' lang='lat' dir='ltr'>ut</span> <span class='ocrx_word' id='word_1_101' title='bbox 711 2494 876 2568; x_wconf 87' lang='lat' dir='ltr'>tricesima</span> <span class='ocrx_word' id='word_1_102' title='bbox 889 2495 986 2580; x_wconf 87' lang='lat' dir='ltr'>luna,</span> <span class='ocrx_word' id='word_1_103' title='bbox 998 2493 1066 2567; x_wconf 90' lang='lat' dir='ltr'>hoc</span> <span class='ocrx_word' id='word_1_104' title='bbox 1086 2494 1149 2584; x_wconf 88' lang='lat' dir='ltr'>est,</span> <span class='ocrx_word' id='word_1_105' title='bbox 1164 2494 1308 2590; x_wconf 84' lang='lat' dir='ltr'>expletis</span> <span class='ocrx_word' id='word_1_106' title='bbox 1322 2497 1458 2595; x_wconf 83' lang='lat' dir='ltr'>triginta</span> 
     </span>
     <span class='ocr_line' id='line_1_16' title="bbox 492 2597 1457 2704; baseline 0 -22"><span class='ocrx_word' id='word_1_107' title='bbox 492 2611 636 2695; x_wconf 87' lang='lat' dir='ltr'>diebus,</span> <span class='ocrx_word' id='word_1_108' title='bbox 656 2597 781 2704; x_wconf 86' lang='lat' dir='ltr'>poffint</span> <span class='ocrx_word' id='word_1_109' title='bbox 806 2631 884 2680; x_wconf 89' lang='lat' dir='ltr'>cum</span> <span class='ocrx_word' id='word_1_110' title='bbox 909 2604 1092 2702; x_wconf 85' lang='lat' dir='ltr'>pavoninis</span> <span class='ocrx_word' id='word_1_111' title='bbox 1116 2606 1193 2679; x_wconf 89' lang='lat' dir='ltr'>ovis</span> <span class='ocrx_word' id='word_1_112' title='bbox 1218 2606 1350 2701; x_wconf 83' lang='lat' dir='ltr'>aperiri.</span> <span class='ocrx_word' id='word_1_113' title='bbox 1385 2634 1457 2682; x_wconf 86' lang='lat' dir='ltr'>ova</span> 
     </span>
     <span class='ocr_line' id='line_1_17' title="bbox 493 2714 1456 2815; baseline -0.003 -21"><span class='ocrx_word' id='word_1_114' title='bbox 493 2740 605 2794; x_wconf 86' lang='lat' dir='ltr'>autem</span> <span class='ocrx_word' id='word_1_115' title='bbox 626 2742 822 2815; x_wconf 87' lang='lat' dir='ltr'>pavonum,</span> <span class='ocrx_word' id='word_1_116' title='bbox 837 2741 915 2813; x_wconf 83' lang='lat' dir='ltr'>quae</span> <span class='ocrx_word' id='word_1_117' title='bbox 938 2715 1072 2813; x_wconf 73' lang='lat' dir='ltr'>gallina</span> <span class='ocrx_word' id='word_1_118' title='bbox 1096 2714 1239 2806; x_wconf 73' lang='lat' dir='ltr'>subjesla</span> <span class='ocrx_word' id='word_1_119' title='bbox 1256 2715 1330 2788; x_wconf 89' lang='lat' dir='ltr'>sunt</span> <span class='ocrx_word' id='word_1_120' title='bbox 1342 2769 1354 2803; x_wconf 92' lang='lat'>,</span> <span class='ocrx_word' id='word_1_121' title='bbox 1368 2717 1456 2813; x_wconf 84' lang='lat' dir='ltr'>saepe</span> 
     </span>
     <span class='ocr_line' id='line_1_18' title="bbox 490 2823 1456 2922; baseline -0.004 -19"><span class='ocrx_word' id='word_1_122' title='bbox 490 2855 593 2903; x_wconf 81' lang='lat' dir='ltr'>manu</span> <span class='ocrx_word' id='word_1_123' title='bbox 609 2846 877 2912; x_wconf 78' lang='lat' dir='ltr'>convertantur,</span> <span class='ocrx_word' id='word_1_124' title='bbox 891 2824 971 2921; x_wconf 86' lang='lat' dir='ltr'>quia</span> <span class='ocrx_word' id='word_1_125' title='bbox 986 2825 1053 2899; x_wconf 90' lang='lat' dir='ltr'>hoc</span> <span class='ocrx_word' id='word_1_126' title='bbox 1068 2824 1137 2922; x_wconf 87' lang='lat' dir='ltr'>ipsa</span> <span class='ocrx_word' id='word_1_127' title='bbox 1155 2824 1264 2899; x_wconf 87' lang='lat' dir='ltr'>facere</span> <span class='ocrx_word' id='word_1_128' title='bbox 1284 2823 1344 2898; x_wconf 85' lang='lat' dir='ltr'>vix</span> <span class='ocrx_word' id='word_1_129' title='bbox 1359 2827 1456 2900; x_wconf 86' lang='lat' dir='ltr'>vale·</span> 
     </span>
     <span class='ocr_line' id='line_1_19' title="bbox 488 2932 1454 3027; baseline -0.001 -18"><span class='ocrx_word' id='word_1_130' title='bbox 488 2935 554 3011; x_wconf 87' lang='lat' dir='ltr'>bit.</span> <span class='ocrx_word' id='word_1_131' title='bbox 576 2959 676 3005; x_wconf 85' lang='lat' dir='ltr'>unam</span> <span class='ocrx_word' id='word_1_132' title='bbox 698 2953 826 3027; x_wconf 86' lang='lat' dir='ltr'>partem</span> <span class='ocrx_word' id='word_1_133' title='bbox 848 2934 910 3004; x_wconf 93' lang='lat' dir='ltr'>ovi</span> <span class='ocrx_word' id='word_1_134' title='bbox 931 2933 1085 3023; x_wconf 88' lang='lat' dir='ltr'>notabis,</span> <span class='ocrx_word' id='word_1_135' title='bbox 1104 2952 1141 3004; x_wconf 87' lang='lat' dir='ltr'>ut</span> <span class='ocrx_word' id='word_1_136' title='bbox 1163 2953 1196 3006; x_wconf 85' lang='lat' dir='ltr'>te</span> <span class='ocrx_word' id='word_1_137' title='bbox 1213 2932 1352 3008; x_wconf 86' lang='lat' dir='ltr'>subinde</span> <span class='ocrx_word' id='word_1_138' title='bbox 1368 2961 1454 3010; x_wconf 92' lang='lat' dir='ltr'>con·</span> 
     </span>
     <span class='ocr_line' id='line_1_20' title="bbox 490 3038 1453 3141; baseline 0.005 -27"><span class='ocrx_word' id='word_1_139' title='bbox 490 3040 628 3114; x_wconf 78' lang='lat' dir='ltr'>vertisse</span> <span class='ocrx_word' id='word_1_140' title='bbox 642 3040 839 3136; x_wconf 76' lang='lat' dir='ltr'>cognoscas.</span> <span class='ocrx_word' id='word_1_141' title='bbox 866 3038 1015 3134; x_wconf 86' lang='lat' dir='ltr'>Majotes</span> <span class='ocrx_word' id='word_1_142' title='bbox 1031 3061 1142 3114; x_wconf 86' lang='lat' dir='ltr'>tamen</span> <span class='ocrx_word' id='word_1_143' title='bbox 1161 3041 1298 3140; x_wconf 83' lang='lat' dir='ltr'>gallinas</span> <span class='ocrx_word' id='word_1_144' title='bbox 1312 3065 1453 3141; x_wconf 86' lang='lat' dir='ltr'>oportet</span> 
     </span>
     <span class='ocr_line' id='line_1_21' title="bbox 488 3142 1452 3248; baseline 0.006 -27"><span class='ocrx_word' id='word_1_145' title='bbox 488 3149 634 3247; x_wconf 73' lang='lat' dir='ltr'>eligere,</span> <span class='ocrx_word' id='word_1_146' title='bbox 650 3171 726 3217; x_wconf 88' lang='lat' dir='ltr'>narn</span> <span class='ocrx_word' id='word_1_147' title='bbox 750 3142 939 3217; x_wconf 86' lang='lat' dir='ltr'>minoribus</span> <span class='ocrx_word' id='word_1_148' title='bbox 960 3149 1121 3243; x_wconf 83' lang='lat' dir='ltr'>pauciora</span> <span class='ocrx_word' id='word_1_149' title='bbox 1140 3150 1315 3248; x_wconf 85' lang='lat' dir='ltr'>suppones.</span> <span class='ocrx_word' id='word_1_150' title='bbox 1342 3154 1452 3226; x_wconf 88' lang='lat' dir='ltr'>Natos</span> 
     </span>
     <span class='ocr_line' id='line_1_22' title="bbox 489 3254 1452 3356; baseline 0.009 -27"><span class='ocrx_word' id='word_1_151' title='bbox 489 3259 615 3353; x_wconf 83' lang='lat' dir='ltr'>[autem</span> <span class='ocrx_word' id='word_1_152' title='bbox 636 3254 761 3353; x_wconf 87' lang='lat' dir='ltr'>pullos]</span> <span class='ocrx_word' id='word_1_153' title='bbox 776 3254 801 3326; x_wconf 86' lang='lat' dir='ltr'>st</span> <span class='ocrx_word' id='word_1_154' title='bbox 814 3254 855 3325; x_wconf 88' lang='lat' dir='ltr'>ad</span> <span class='ocrx_word' id='word_1_155' title='bbox 868 3281 967 3327; x_wconf 88' lang='lat' dir='ltr'>unarn</span> <span class='ocrx_word' id='word_1_156' title='bbox 985 3258 1164 3332; x_wconf 87' lang='lat' dir='ltr'>transferre</span> <span class='ocrx_word' id='word_1_157' title='bbox 1183 3287 1202 3334; x_wconf 87' lang='lat' dir='ltr'>a</span> <span class='ocrx_word' id='word_1_158' title='bbox 1223 3260 1376 3356; x_wconf 87' lang='lat' dir='ltr'>pluribus</span> <span class='ocrx_word' id='word_1_159' title='bbox 1389 3290 1452 3338; x_wconf 87' lang='lat' dir='ltr'>ve·</span> 
     </span>
     <span class='ocr_line' id='line_1_23' title="bbox 483 3363 1451 3471; baseline 0.008 -33"><span class='ocrx_word' id='word_1_160' title='bbox 483 3366 552 3456; x_wconf 82' lang='lat' dir='ltr'>lis,</span> <span class='ocrx_word' id='word_1_161' title='bbox 579 3365 660 3458; x_wconf 80' lang='lat' dir='ltr'>dicit</span> <span class='ocrx_word' id='word_1_162' title='bbox 679 3363 889 3458; x_wconf 87' lang='lat' dir='ltr'>Columella,</span> <span class='ocrx_word' id='word_1_163' title='bbox 913 3363 975 3437; x_wconf 89' lang='lat' dir='ltr'>uni</span> <span class='ocrx_word' id='word_1_164' title='bbox 998 3366 1121 3442; x_wconf 89' lang='lat' dir='ltr'>nutrici</span> <span class='ocrx_word' id='word_1_165' title='bbox 1151 3369 1273 3467; x_wconf 80' lang='lat' dir='ltr'>viginti</span> <span class='ocrx_word' id='word_1_166' title='bbox 1299 3374 1451 3471; x_wconf 89' lang='lat' dir='ltr'>quinque</span> 
     </span>
     <span class='ocr_line' id='line_1_24' title="bbox 481 3471 1449 3574; baseline 0.007 -27"><span class='ocrx_word' id='word_1_167' title='bbox 481 3475 650 3564; x_wconf 82' lang='lat' dir='ltr'>sufficere.</span> <span class='ocrx_word' id='word_1_168' title='bbox 672 3473 754 3546; x_wconf 89' lang='lat' dir='ltr'>mihi</span> <span class='ocrx_word' id='word_1_169' title='bbox 766 3496 875 3560; x_wconf 84' lang='lat' dir='ltr'>¹vero,</span> <span class='ocrx_word' id='word_1_170' title='bbox 890 3494 927 3546; x_wconf 87' lang='lat' dir='ltr'>ut</span> <span class='ocrx_word' id='word_1_171' title='bbox 945 3475 1032 3550; x_wconf 89' lang='lat' dir='ltr'>bene</span> <span class='ocrx_word' id='word_1_172' title='bbox 1048 3476 1147 3551; x_wconf 89' lang='lat' dir='ltr'>educi</span> <span class='ocrx_word' id='word_1_173' title='bbox 1167 3479 1312 3574; x_wconf 81' lang='lat' dir='ltr'>possint,</span> <span class='ocrx_word' id='word_1_174' title='bbox 1326 3471 1449 3554; x_wconf 86' lang='lat' dir='ltr'>viden·</span> 
     </span>
     <span class='ocr_line' id='line_1_25' title="bbox 485 3583 1447 3680; baseline 0.006 -21"><span class='ocrx_word' id='word_1_175' title='bbox 485 3603 545 3659; x_wconf 84' lang='lat' dir='ltr'>tur</span> <span class='ocrx_word' id='word_1_176' title='bbox 570 3583 765 3680; x_wconf 89' lang='lat' dir='ltr'>quindecim</span> <span class='ocrx_word' id='word_1_177' title='bbox 791 3583 866 3658; x_wconf 86' lang='lat' dir='ltr'>satis</span> <span class='ocrx_word' id='word_1_178' title='bbox 890 3584 965 3659; x_wconf 80' lang='lat' dir='ltr'>esse.</span> <span class='ocrx_word' id='word_1_179' title='bbox 989 3587 1109 3659; x_wconf 89' lang='lat' dir='ltr'>Primis</span> <span class='ocrx_word' id='word_1_180' title='bbox 1137 3588 1253 3664; x_wconf 91' lang='lat' dir='ltr'>diebus</span> <span class='ocrx_word' id='word_1_181' title='bbox 1279 3589 1330 3661; x_wconf 88' lang='lat' dir='ltr'>far</span> <span class='ocrx_word' id='word_1_182' title='bbox 1350 3593 1447 3665; x_wconf 91' lang='lat' dir='ltr'>ordei</span> 
     </span>
    </p>
   </div>
   <div class='ocr_carea' id='block_1_3' title="bbox 389 3693 1452 4457">
    <p class='ocr_par' dir='ltr' id='par_1_3' title="bbox 389 3693 1452 4457">
     <span class='ocr_line' id='line_1_26' title="bbox 480 3693 1452 3806; baseline 0.01 -36"><span class='ocrx_word' id='word_1_183' title='bbox 480 3695 702 3792; x_wconf 76' lang='lat' dir='ltr'>¹conspersum</span> <span class='ocrx_word' id='word_1_184' title='bbox 725 3693 811 3767; x_wconf 91' lang='lat' dir='ltr'>vino</span> <span class='ocrx_word' id='word_1_185' title='bbox 838 3695 938 3789; x_wconf 91' lang='lat' dir='ltr'>pullis</span> <span class='ocrx_word' id='word_1_186' title='bbox 958 3697 1111 3785; x_wconf 89' lang='lat' dir='ltr'>dabitur,</span> <span class='ocrx_word' id='word_1_187' title='bbox 1137 3701 1193 3784; x_wconf 87' lang='lat' dir='ltr'>vel</span> <span class='ocrx_word' id='word_1_188' title='bbox 1219 3704 1452 3806; x_wconf 73' lang='lat' dir='ltr'>undecunque</span> 
     </span>
     <span class='ocr_line' id='line_1_27' title="bbox 389 3805 1446 3907; baseline 0.008 -28"><span class='ocrx_word' id='word_1_189' title='bbox 389 3885 394 3898; x_wconf 58' lang='lat'>‚</span> <span class='ocrx_word' id='word_1_190' title='bbox 480 3807 581 3880; x_wconf 74' lang='lat' dir='ltr'>cosla</span> <span class='ocrx_word' id='word_1_191' title='bbox 595 3805 756 3903; x_wconf 86' lang='lat' dir='ltr'>pulticula</span> <span class='ocrx_word' id='word_1_192' title='bbox 771 3807 809 3880; x_wconf 80' lang='grc' dir='ltr'>δι</span> <span class='ocrx_word' id='word_1_193' title='bbox 823 3805 1027 3903; x_wconf 81' lang='lat' dir='ltr'>refrigerata.</span> <span class='ocrx_word' id='word_1_194' title='bbox 1046 3809 1161 3904; x_wconf 84' lang='lat' dir='ltr'>postea</span> <span class='ocrx_word' id='word_1_195' title='bbox 1175 3810 1350 3907; x_wconf 84' lang='lat' dir='ltr'>adjicietur</span> <span class='ocrx_word' id='word_1_196' title='bbox 1364 3840 1446 3907; x_wconf 90' lang='lat' dir='ltr'>por·</span> 
     </span>
     <span class='ocr_line' id='line_1_28' title="bbox 481 3912 1452 4017; baseline 0.006 -26"><span class='ocrx_word' id='word_1_197' title='bbox 481 3943 558 3991; x_wconf 81' lang='lat' dir='ltr'>cunr</span> <span class='ocrx_word' id='word_1_198' title='bbox 581 3916 778 4003; x_wconf 87' lang='lat' dir='ltr'>concisum,</span> <span class='ocrx_word' id='word_1_199' title='bbox 805 3919 861 3990; x_wconf 69' lang='lat' dir='ltr'>‘vel</span> <span class='ocrx_word' id='word_1_200' title='bbox 882 3912 994 3991; x_wconf 82' lang='lat' dir='ltr'>caseus</span> <span class='ocrx_word' id='word_1_201' title='bbox 1017 3945 1149 4008; x_wconf 88' lang='lat' dir='ltr'>recens,</span> <span class='ocrx_word' id='word_1_202' title='bbox 1171 3922 1227 3994; x_wconf 87' lang='lat' dir='ltr'>sed</span> <span class='ocrx_word' id='word_1_203' title='bbox 1249 3923 1418 4017; x_wconf 79' lang='lat' dir='ltr'>expressus</span> <span class='ocrx_word' id='word_1_204' title='bbox 1431 3951 1452 4012; x_wconf 75' lang='grc' dir='ltr'>ε,</span> 
     </span>
     <span class='ocr_line' id='line_1_29' title="bbox 480 4025 1442 4126; baseline 0.009 -29"><span class='ocrx_word' id='word_1_205' title='bbox 480 4052 559 4100; x_wconf 88' lang='lat' dir='ltr'>nam</span> <span class='ocrx_word' id='word_1_206' title='bbox 588 4026 695 4099; x_wconf 88' lang='lat' dir='ltr'>serum</span> <span class='ocrx_word' id='word_1_207' title='bbox 726 4025 825 4122; x_wconf 89' lang='lat' dir='ltr'>pullis</span> <span class='ocrx_word' id='word_1_208' title='bbox 851 4048 963 4101; x_wconf 87' lang='lat' dir='ltr'>nocet.</span> <span class='ocrx_word' id='word_1_209' title='bbox 999 4030 1151 4101; x_wconf 83' lang='lat' dir='ltr'>Locustae</span> <span class='ocrx_word' id='word_1_210' title='bbox 1176 4031 1275 4103; x_wconf 88' lang='lat' dir='ltr'>etiam</span> <span class='ocrx_word' id='word_1_211' title='bbox 1300 4030 1442 4126; x_wconf 86' lang='lat' dir='ltr'>pedibus</span> 
     </span>
     <span class='ocr_line' id='line_1_30' title="bbox 480 4135 1440 4235; baseline 0.007 -30"><span class='ocrx_word' id='word_1_212' title='bbox 480 4135 598 4208; x_wconf 87' lang='lat' dir='ltr'>ablatis</span> <span class='ocrx_word' id='word_1_213' title='bbox 618 4135 817 4232; x_wconf 79' lang='lat' dir='ltr'>praebentur.</span> <span class='ocrx_word' id='word_1_214' title='bbox 839 4139 885 4207; x_wconf 89' lang='lat' dir='ltr'>lta</span> <span class='ocrx_word' id='word_1_215' title='bbox 908 4136 1064 4234; x_wconf 81' lang='lat' dir='ltr'>pascendi</span> <span class='ocrx_word' id='word_1_216' title='bbox 1085 4138 1158 4210; x_wconf 86' lang='lat' dir='ltr'>sunt</span> <span class='ocrx_word' id='word_1_217' title='bbox 1180 4138 1285 4235; x_wconf 90' lang='lat' dir='ltr'>usque</span> <span class='ocrx_word' id='word_1_218' title='bbox 1305 4139 1347 4209; x_wconf 88' lang='lat' dir='ltr'>ad</span> <span class='ocrx_word' id='word_1_219' title='bbox 1367 4140 1440 4235; x_wconf 58' lang='lat' dir='ltr'>seicp</span> 
     </span>
     <span class='ocr_line' id='line_1_31' title="bbox 479 4237 1438 4342; baseline 0.013 -30"><span class='ocrx_word' id='word_1_220' title='bbox 479 4259 551 4313; x_wconf 85' lang='lat' dir='ltr'>tum</span> <span class='ocrx_word' id='word_1_221' title='bbox 576 4244 731 4334; x_wconf 84' lang='lat' dir='ltr'>mensem.</span> <span class='ocrx_word' id='word_1_222' title='bbox 751 4237 885 4315; x_wconf 89' lang='lat' dir='ltr'>Deinde</span> <span class='ocrx_word' id='word_1_223' title='bbox 907 4246 1048 4322; x_wconf 86' lang='lat' dir='ltr'>ordeum</span> <span class='ocrx_word' id='word_1_224' title='bbox 1073 4246 1198 4341; x_wconf 87' lang='lat' dir='ltr'>potetis</span> <span class='ocrx_word' id='word_1_225' title='bbox 1217 4248 1364 4342; x_wconf 84' lang='lat' dir='ltr'>praebere</span> <span class='ocrx_word' id='word_1_226' title='bbox 1385 4251 1438 4324; x_wconf 93' lang='lat' dir='ltr'>so·</span> 
     </span>
     <span class='ocr_line' id='line_1_32' title="bbox 477 4348 1437 4457; baseline 0.017 -38"><span class='ocrx_word' id='word_1_227' title='bbox 477 4348 641 4426; x_wconf 82' lang='lat' dir='ltr'>lemnitet.</span> <span class='ocrx_word' id='word_1_228' title='bbox 654 4353 1352 4457; x_wconf 82' lang='lat' dir='ltr'>Tricesimoquintotamendie,p0slquam</span> <span class='ocrx_word' id='word_1_229' title='bbox 1365 4364 1437 4437; x_wconf 87' lang='lat' dir='ltr'>nati</span> 
     </span>
    </p>
   </div>
   <div class='ocr_carea' id='block_1_4' title="bbox 0 0 1942 5759">
    <p class='ocr_par' dir='ltr' id='par_1_4' title="bbox 0 0 1942 5759">
     <span class='ocr_line' id='line_1_33' title="bbox 0 0 1942 5759; baseline 0 10"><span class='ocrx_word' id='word_1_230' title='bbox 0 0 1942 5759; x_wconf 95' lang='lat' dir='ltr'> </span> 
     </span>
    </p>
   </div>
  </div>
 </body>
</html>
