3875 5759
560 935 605 1013 ,ο
677 907 1059 981 naissum
1109 906 1431 983 nurssrr

556 1073 642 1152 culis
655 1070 771 1167 argilla
793 1069 923 1142 subaua
937 1072 974 1143 δι
989 1067 1114 1165 capillo
1130 1068 1328 1146 construslae
1348 1068 1452 1160 fiant,
1471 1070 1523 1143 di·¹

552 1186 677 1257 slantes
695 1179 760 1254 ase
778 1180 885 1276 spatio
902 1178 996 1276 pedis
1014 1178 1113 1250 unius
1135 1179 1173 1250 &
1197 1177 1352 1268 semiffis,
1365 1178 1440 1251 altae
1460 1205 1521 1276 pe·

551 1292 658 1364 dibus.
676 1290 765 1361 binis
790 1288 896 1363 semis.
923 1291 1028 1383 Super
1053 1288 1110 1364 bas
1137 1287 1220 1385 pilas
1242 1289 1372 1383 bipedae
1394 1290 1521 1361 conlli·¹

553 1419 694 1473 tuantur
716 1399 806 1471 binae
829 1398 864 1469 in
888 1398 1017 1485 altum,
1038 1415 1139 1494 arque
1163 1397 1214 1470 his
1237 1395 1520 1494 superfundantur

552 1509 693 1581 rellacea
709 1506 922 1602 pavimenta,
938 1509 977 1579 δι
998 1506 1135 1593 timc,s1
1157 1506 1258 1602 copia
1273 1506 1339 1597 est,
1351 1532 1519 1581 marmora

477 1619 483 1668 ἓ
552 1615 782 1715 eollocentur.
802 1613 995 1686 Miliarium-
1013 1638 1098 1688 vero
1113 1613 1332 1710 plumbeum,
1354 1616 1410 1690 cui
1432 1644 1519 1694 aerea
1578 1667 1581 1694 r

549 1723 665 1818 parina
687 1720 813 1807 subest,
834 1720 922 1793 inter
939 1717 1105 1793 soliorum
1122 1719 1224 1818 spatia
1246 1720 1433 1795 forinsecus
1452 1724 1517 1796 sla·

416 1929 418 1933 .
481 1902 489 1921 s
551 1826 840 1908 ruamus'sornace
861 1832 1190 1930 subjesla,adqu0d
1211 1834 1389 1907 miliarium
1407 1832 1516 1909 fistula

552 1946 721 2044 frigidaria
737 1945 918 2043 dirigatur,
931 1948 970 2019 ὅτ
984 1946 1026 2016 ab
1040 1946 1110 2021 boc
1127 1947 1169 2020 ad
1183 1946 1303 2020 solium
1319 1946 1433 2019 similis
1446 1972 1516 2020 ma·

404 2149 406 2158 Ι
437 2053 439 2058 ’
550 2054 1056 2155 gnitudinisfislulaprocedat,
1073 2072 1297 2155 quartantur„
1315 2057 1431 2131 calidae
1451 2061 1516 2129 du.

549 2185 605 2241 cat
623 2165 785 2253 interius,
797 2182 958 2260 quantum
976 2161 1083 2250 lillula
1097 2165 1147 2237 illi
1163 2163 1283 2263 frigidi·
1293 2164 1439 2263 liquoris
1459 2165 1526 2268 ins,

548 2277 675 2349 rulerir.
689 2273 793 2349 Cellae
807 2295 918 2347 aurem
931 2274 977 2347 fic
990 2274 1231 2369 disponantur,
1244 2291 1282 2347 ut
1293 2277 1428 2372 quadra:
1442 2301 1514 2350 non

548 2385 612 2458 finr
624 2439 635 2475 ,
649 2386 724 2473 sed,
738 2382 863 2482 (verbi
877 2382 1011 2482 gratia)
1026 2382 1050 2454 li
1073 2371 1130 2454 'xv
1149 2383 1292 2479 pedibus
1308 2383 1420 2483 longae
1438 2385 1513 2459 sue·

508 2585 511 2592 Ι
547 2495 634 2583 rint,
648 2515 676 2566 x
696 2493 773 2565 latae
787 2493 850 2564 bnt
863 2520 872 2566 ε
887 2491 1011 2566 fortius
1032 2492 1123 2565 enirn
1139 2516 1251 2588 vapor
1269 2492 1359 2566 inter
1378 2493 1514 2592 angusta

504 2593 509 2601 ’
547 2602 736 2675 inflabitur.
758 2601 928 2674 Saliorum
948 2600 1059 2674 forma
1078 2627 1142 2698 pro
1159 2593 1425 2702 ‘uniuscujusque
1443 2629 1513 2702 vo·

547 2715 675 2788 luntare
694 2716 866 2794 fundetur.
889 2715 1068 2792 Piscinales
1085 2713 1179 2789 cellae
1193 2715 1228 2789 in
1246 2717 1511 2805 aestivisbalneis

546 2853 578 2901 a·
594 2818 834 2921 septemtridne
861 2827 976 2902 lumen
999 2827 1186 2923 accipiant,
1209 2827 1245 2900 in
1270 2829 1469 2924 hiemalibus
1492 2855 1512 2901 a

545 2939 698 3012 meridie.
714 2940 747 3007 Si
761 2939 832 3010 lieri
849 2939 975 3033 potest,
991 2939 1036 3010 ita
1051 2937 1296 3012 constituantur
1308 2940 1455 3030 balneae,
1470 2963 1511 3011 ut

544 3045 659 3116 omnis
679 3068 792 3115 earum
816 3070 875 3139 per
891 3045 1014 3118 hortos
1028 3046 1182 3121 decurrat
1198 3046 1340 3120 eluvies.
1357 3048 1510 3120 Camerae
1535 3111 1538 3120 .

408 3212 411 3220 ,
545 3153 582 3225 in
602 3152 730 3226 balneis
752 3151 801 3247 [li]
827 3152 962 3249 signina
988 3152 1118 3249 [fiant,]
1140 3155 1300 3230 fortiores
1324 3152 1408 3227 sunt.
1433 3181 1510 3251 quae

545 3286 634 3334 vero
649 3263 691 3334 de
710 3262 832 3335 rabulis
854 3260 965 3352 liunt,
979 3263 1086 3364 virgis
1106 3264 1222 3339 ferreis
1240 3262 1451 3352 transversis,
1470 3268 1509 3339 δι

544 3371 663 3446 serreis
681 3376 825 3446 arcubus
843 3373 1053 3450 sustinentur.
1073 3378 1175 3474 Sedsr
1195 3376 1325 3451 rabulas
1341 3377 1430 3449 nolis
1442 3378 1524 3450 im·-

543 3506 697 3578 ponere,
719 3482 814 3578 super
835 3507 930 3557 arcus
955 3498 996 3559 ac
1024 3486 1136 3585 virgas
1160 3484 1298 3581 bipedas
1322 3484 1509 3564 constitues

544 3590 660 3664 ferreis
676 3593 814 3665 ancoris
834 3593 1027 3692 colligatas,
1048 3577 1174 3694 capillo
1192 3595 1281 3669 inrer
1295 3594 1327 3668 se
1339 3613 1439 3692 atque
1452 3621 1508 3667 ar-

541 3702 621 3803 gilla
638 3698 768 3777 suballa
781 3706 1009 3797 cohaerentes,
1023 3710 1061 3782 δι
1075 3707 1121 3779 ira
1134 3707 1317 3805 impensam
1330 3710 1506 3784 tellaceam

461 3881 464 3888 .
539 3812 653 3886 subter
673 3814 828 3887 inducis:
851 3814 973 3902 deinde
993 3816 1108 3888 albarii
1128 3816 1243 3916 operis
1264 3817 1522 3905 nitoredecoss

539 3923 642 3999 rabis.
663 3924 837 3997 Possumus
849 3926 969 4011 etiam,
983 3926 1007 3997 fi
1023 3925 1231 4019 compendio
1245 3926 1434 4010 studemus‘,
1452 3925 1506 3998 hi·

540 4034 645 4107 berna
668 4033 808 4108 aedilicia
823 4036 950 4108 balneis
964 4032 1166 4130 imponere:
1181 4036 1261 4109 binc
1274 4040 1310 4109 δι
1322 4034 1506 4108 habitatio·

541 4142 577 4214 ni
592 4133 749 4236 teporem
760 4145 1007 4231 submittimus,
1021 4149 1059 4219 &
1070 4144 1284 4220 fundamenta
1298 4146 1481 4222 lucramur.

587 4254 675 4325 XLI.
696 4254 789 4326 Scire
808 4255 999 4341 convenit,
1014 4253 1176 4350 quoniam
1192 4257 1233 4328 de
1247 4254 1373 4327 balneis
1386 4253 1505 4351 loqui·

537 4384 628 4455 mur,
643 4351 721 4463 quae'
739 4362 816 4437 sunt
837 4362 971 4447 maltbae
988 4362 1156 4439 calidatiae
1176 4361 1237 4443 vel'
1252 4360 1452 4463 frigidariae,
1465 4377 1504 4437 ut
