3875 5759
549 935 620 1029 388
716 933 1050 1010 VEGETll
1098 933 1226 1010 ΗΒ.
1275 935 1341 1009 ΙΙΙ.

546 1087 656 1163 fundi.
676 1085 831 1185 Plerique
843 1086 975 1184 experti
990 1086 1081 1178 sunt,
1094 1086 1257 1160 triticeam
1271 1085 1409 1160 farinam
1425 1114 1506 1164 cum
1535 1168 1538 1172 ,

547 1221 632 1296 uqna
656 1196 773 1294 srigida
796 1196 906 1269 datam
931 1195 1101 1271 continuo
1127 1196 1296 1292 profuisse.
1324 1197 1386 1270 Vel
1413 1218 1507 1272 certe

546 1310 611 1381 tria
630 1333 696 1380 ova
717 1308 817 1380 cruda
841 1333 918 1380 cum
932 1308 1068 1406 pulegio
1080 1307 1249 1404 orporea,
1264 1309 1409 1405 oleoque
1424 1334 1505 1405 per·

548 1420 682 1504 mixto,
703 1416 856 1489 faucibus
875 1415 1070 1490 infundunt.

604 1531 693 1600 XLl.
719 1526 887 1624 Paralysin
910 1525 952 1597 ad
978 1524 1224 1598 similitudinem
1248 1527 1422 1599 hominum
1446 1522 1506 1620 ju·¹
1612 1577 1615 1598 ⁴

545 1659 660 1716 menta
671 1635 861 1733 patiuntur,
876 1659 951 1730 quae
964 1632 1016 1705 his
1035 1633 1222 1706 ostenditur
1234 1636 1353 1734 fignis:
1371 1640 1504 1710 Ambu-

546 1749 630 1825 labit
649 1769 775 1844 pravus
790 1745 824 1816 in
843 1744 945 1816 latere
958 1743 1000 1815 ad
1014 1741 1259 1815 fimilitudinem
1275 1745 1411 1831 cancri,
1426 1771 1505 1819 cers
1608 1765 1611 1770 ·

546 1857 661 1936 vicem
676 1850 888 1940 incurvabit,
905 1869 945 1923 ut
963 1849 1071 1923 solent
1090 1849 1368 1946 habere,quibus
1385 1851 1507 1927 sraoae

545 1973 644 2056 sunt,
658 1967 765 2038 reslos
784 1961 884 2057 pedes
903 1960 1036 2033 mittere
1056 1984 1126 2032 non
1150 1959 1267 2056 potest.
1285 1959 1308 2029 fi
1323 1963 1508 2056 coegeris,

467 2069 471 2076 ¹
544 2077 728 2180 parietibus
749 2071 781 2141 se
802 2069 959 2155 illidunt,
981 2070 1092 2141 cibum
1116 2069 1154 2142 δι
1172 2086 1290 2163 potum
1311 2093 1382 2139 non
1400 2094 1508 2143 recu-

545 2193 630 2264 sant.
648 2179 821 2255 Hordeum
843 2198 954 2249 aurem
973 2180 1073 2274 ipsius
1093 2179 1197 2250 udum
1212 2178 1336 2273 semper
1354 2201 1506 2274 apparet.

542 2298 616 2369 Hac
639 2289 770 2362 ratione
792 2286 986 2357 curabitur:
1013 2287 1154 2381 Sanguis
1174 2286 1206 2357 ei
1233 2287 1275 2358 de
1291 2288 1504 2382 temporibus

525 2419 638 2502 ¹parte
657 2390 850 2479 contraria,
866 2414 937 2461 non
961 2415 1028 2486 qua
1049 2392 1242 2463 contradus
1269 2392 1338 2483 esl,
1358 2394 1506 2472 tollitur.

543 2495 760 2585 undionibus
786 2498 1015 2574 thermanticis
1038 2497 1261 2596 perfricatur,
1284 2502 1501 2602 cervicesque

543 2621 617 2717 ejus
637 2611 914 2709 constringuntur
928 2610 1034 2707 usque
1046 2634 1089 2681 eo
1103 2662 1115 2700 ,
1130 2627 1168 2680 ut
1187 2613 1333 2685 cratellis
1351 2638 1392 2685 ex
1406 2615 1499 2712 ligno

543 2724 705 2826 appositis
725 2719 900 2795 consitisla
915 2717 1049 2791 cervice
1062 2717 1207 2814 pravitas
1219 2719 1391 2818 dirigatur.
1403 2727 1502 2798 Loco

544 2859 658 2914 autem
684 2826 796 2907 calido
817 2832 999 2904 stabulatur
1019 2831 1103 2903 ficut
1126 2830 1322 2907 roborosns.
1346 2836 1401 2910 cui
1422 2837 1501 2933 ipsae

520 2969 522 2976 ’
542 2945 706 3046 potiones
728 2941 857 3011 dantur.
879 2938 912 3008 Si
938 2964 1053 3030 parum
1081 2938 1117 3007 in
1140 2956 1251 3011 totum
1275 2940 1334 3013 ista
1356 2946 1500 3020 medela·

541 3080 621 3128 rum
645 3047 835 3139 adjumenta
852 3045 1240 3148 profecerint,cervices
1259 3073 1378 3123 eorum
1399 3080 1499 3128 urun·
1596 3081 1601 3144 ῃ

540 3182 616 3247 tur,
635 3182 706 3229 non
721 3179 788 3251 qua
810 3144 999 3225 contiaslus
1013 3153 1083 3240 est,
1101 3154 1155 3226 sed
1168 3182 1210 3227 ex
1224 3180 1315 3253 parte
1328 3168 1502 3241 contraria

541 3274 586 3347 de
606 3285 737 3346 cautere
756 3264 880 3360 accipit
895 3264 1019 3357 palmas
1040 3264 1082 3335 ab
1099 3291 1195 3338 armo
1217 3268 1318 3365 usque
1331 3272 1372 3341 ad
1386 3278 1500 3348 cervi-

542 3397 622 3456 cemJ
637 3375 815 3463 auricula,
831 3376 868 3447 &
891 3372 1098 3466 intempore
1121 3374 1230 3446 uritur
1252 3380 1292 3452 ad
1308 3379 1495 3457 mensuram
1589 3451 1593 3460 ,

540 3486 688 3561 semiffis.
702 3487 740 3555 In
760 3482 824 3554 alia
842 3499 950 3552 autem
965 3501 1058 3575 parte
1074 3486 1236 3581 temporis
1262 3487 1352 3583 quast
1368 3486 1498 3563 stellam
1589 3475 1592 3480 ¹

539 3621 681 3696 parvam
703 3594 853 3665 cauterio
868 3591 993 3679 sacies,
1016 3592 1110 3664 &in
1135 3617 1226 3688 parte
1249 3621 1366 3669 renum
1392 3598 1499 3697 usque

455 3694 467 3714 '
539 3706 584 3784 ad
607 3703 750 3776 mediam
774 3702 900 3799 spinam
925 3703 1072 3800 virgulas
1099 3704 1191 3777 dabis
1219 3705 1437 3802 solemniter,
1459 3713 1498 3784 &

540 3811 673 3897 curasti.

587 3924 687 3994 XLll.
710 3920 862 3991 lumenta
875 3915 983 3988 nimio
1004 3915 1107 4005 saltu,
1127 3920 1184 3992 vel
1202 3923 1299 3996 cursu
1311 3945 1369 3997 aut
1380 3925 1497 4018 ruina,

539 4055 618 4107 cum
639 4025 765 4121 aliquid
793 4024 971 4119 ruperint,
997 4024 1138 4099 vulsant.
1156 4054 1302 4125 quorum
1330 4032 1391 4106 ista
1421 4035 1498 4109 sunt

538 4139 652 4237 signa:
671 4134 900 4232 Stranguriam
927 4132 1119 4229 patientur,
1146 4137 1364 4213 exscreabunt
1395 4146 1497 4219 etiam

538 4250 777 4344 purulentum,
800 4249 837 4318 &
855 4246 988 4342 quoties
1006 4246 1326 4340 volutatufuerint,
1342 4278 1414 4324 non
1440 4282 1497 4327 re-

538 4360 754 4451 volvuntur,
769 4380 831 4431 nec
846 4357 878 4430 se
892 4355 1081 4433 excutiunt.
1096 4357 1129 4430 Si
1142 4384 1257 4436 recens
1270 4381 1407 4457 ruptura
1421 4364 1495 4437 fue·
