<?xml version="1.0" encoding="UTF-8"?>
<!DOCTYPE html PUBLIC "-//W3C//DTD XHTML 1.0 Transitional//EN"
    "http://www.w3.org/TR/xhtml1/DTD/xhtml1-transitional.dtd">
<html xmlns="http://www.w3.org/1999/xhtml" xml:lang="en" lang="en">
 <head>
  <title>
</title>
<meta http-equiv="Content-Type" content="text/html;charset=utf-8" />
  <meta name='ocr-system' content='tesseract 3.04.00' />
  <meta name='ocr-capabilities' content='ocr_page ocr_carea ocr_par ocr_line ocrx_word'/>
</head>
<body>
  <div class='ocr_page' id='page_1' title='image "./scriptoresreiru00gesngoog_0077.png"; bbox 0 0 3875 5759; ppageno 0'>
   <div class='ocr_carea' id='block_1_1' title="bbox 556 926 1424 1026">
    <p class='ocr_par' dir='ltr' id='par_1_1' title="bbox 556 926 1424 1026">
     <span class='ocr_line' id='line_1_1' title="bbox 556 926 1424 1026; baseline 0.001 -27"><span class='ocrx_word' id='word_1_1' title='bbox 556 926 1308 1011; x_wconf 68' lang='lat' dir='ltr'>multtressuunurus</span> <span class='ocrx_word' id='word_1_2' title='bbox 1350 932 1424 1026; x_wconf 73' lang='lat'>&#39;69</span> 
     </span>
    </p>
   </div>
   <div class='ocr_carea' id='block_1_2' title="bbox 352 1082 1424 2597">
    <p class='ocr_par' dir='ltr' id='par_1_2' title="bbox 352 1082 1424 2597">
     <span class='ocr_line' id='line_1_2' title="bbox 459 1082 1424 1183; baseline 0.002 -26"><span class='ocrx_word' id='word_1_3' title='bbox 459 1099 541 1181; x_wconf 81' lang='lat' dir='ltr'>&#39;agro</span> <span class='ocrx_word' id='word_1_4' title='bbox 564 1085 702 1183; x_wconf 79' lang='lat' dir='ltr'>graciles</span> <span class='ocrx_word' id='word_1_5' title='bbox 723 1105 823 1182; x_wconf 83' lang='lat' dir='ltr'>atque</span> <span class='ocrx_word' id='word_1_6' title='bbox 844 1084 1081 1168; x_wconf 86' lang='lat' dir='ltr'>infoecundas;</span> <span class='ocrx_word' id='word_1_7' title='bbox 1096 1106 1211 1155; x_wconf 89' lang='lat' dir='ltr'>macro</span> <span class='ocrx_word' id='word_1_8' title='bbox 1237 1082 1361 1156; x_wconf 84' lang='lat' dir='ltr'>feraces</span> <span class='ocrx_word' id='word_1_9' title='bbox 1385 1088 1424 1159; x_wconf 74' lang='grc' dir='ltr'>δι</span> 
     </span>
     <span class='ocr_line' id='line_1_3' title="bbox 458 1187 1424 1289; baseline 0 -25"><span class='ocrx_word' id='word_1_10' title='bbox 458 1191 600 1277; x_wconf 80' lang='lat' dir='ltr'>solidas3</span> <span class='ocrx_word' id='word_1_11' title='bbox 616 1194 719 1266; x_wconf 85' lang='lat' dir='ltr'>denso</span> <span class='ocrx_word' id='word_1_12' title='bbox 737 1194 862 1265; x_wconf 86' lang='lat' dir='ltr'>validas</span> <span class='ocrx_word' id='word_1_13' title='bbox 887 1213 988 1289; x_wconf 87' lang='lat' dir='ltr'>atque</span> <span class='ocrx_word' id='word_1_14' title='bbox 1009 1187 1211 1277; x_wconf 59' lang='lat' dir='ltr'>frondosam</span> <span class='ocrx_word' id='word_1_15' title='bbox 1236 1188 1359 1287; x_wconf 85' lang='lat' dir='ltr'>frigido</span> <span class='ocrx_word' id='word_1_16' title='bbox 1384 1193 1424 1264; x_wconf 77' lang='grc' dir='ltr'>δι</span> 
     </span>
     <span class='ocr_line' id='line_1_4' title="bbox 456 1297 1424 1396; baseline 0.002 -26"><span class='ocrx_word' id='word_1_17' title='bbox 456 1301 651 1391; x_wconf 85' lang='lat' dir='ltr'>nebuloso,</span> <span class='ocrx_word' id='word_1_18' title='bbox 668 1327 743 1396; x_wconf 82' lang='lat' dir='ltr'>quae</span> <span class='ocrx_word' id='word_1_19' title='bbox 773 1303 917 1374; x_wconf 85' lang='lat' dir='ltr'>hiemem</span> <span class='ocrx_word' id='word_1_20' title='bbox 947 1300 1046 1373; x_wconf 74' lang='lat' dir='ltr'>celeri</span> <span class='ocrx_word' id='word_1_21' title='bbox 1068 1297 1266 1379; x_wconf 80' lang='lat' dir='ltr'>‚maturitate</span> <span class='ocrx_word' id='word_1_22' title='bbox 1291 1323 1424 1394; x_wconf 83' lang='lat' dir='ltr'>praeve-</span> 
     </span>
     <span class='ocr_line' id='line_1_5' title="bbox 456 1407 1423 1507; baseline 0.002 -29"><span class='ocrx_word' id='word_1_23' title='bbox 456 1408 581 1494; x_wconf 85' lang='lat' dir='ltr'>nium,</span> <span class='ocrx_word' id='word_1_24' title='bbox 598 1430 655 1482; x_wconf 86' lang='lat' dir='ltr'>aut</span> <span class='ocrx_word' id='word_1_25' title='bbox 675 1408 795 1507; x_wconf 72' lang='lat' dir='ltr'>[quae]</span> <span class='ocrx_word' id='word_1_26' title='bbox 819 1410 909 1482; x_wconf 89' lang='lat' dir='ltr'>duris</span> <span class='ocrx_word' id='word_1_27' title='bbox 922 1409 1028 1483; x_wconf 88' lang='lat' dir='ltr'>acinis</span> <span class='ocrx_word' id='word_1_28' title='bbox 1050 1408 1138 1479; x_wconf 86' lang='lat' dir='ltr'>inter</span> <span class='ocrx_word' id='word_1_29' title='bbox 1153 1407 1312 1504; x_wconf 77' lang='lat' dir='ltr'>caligines</span> <span class='ocrx_word' id='word_1_30' title='bbox 1327 1410 1423 1480; x_wconf 83' lang='lat' dir='ltr'>secu·</span> 
     </span>
     <span class='ocr_line' id='line_1_6' title="bbox 457 1515 1423 1613; baseline 0.003 -27"><span class='ocrx_word' id='word_1_31' title='bbox 457 1516 527 1588; x_wconf 88' lang='lat' dir='ltr'>rius</span> <span class='ocrx_word' id='word_1_32' title='bbox 544 1515 688 1603; x_wconf 57' lang='lat' dir='ltr'>floreum</span> <span class='ocrx_word' id='word_1_33' title='bbox 706 1519 850 1592; x_wconf 86' lang='lat' dir='ltr'>ventoso</span> <span class='ocrx_word' id='word_1_34' title='bbox 863 1518 990 1590; x_wconf 83' lang='lat' dir='ltr'>stabiles</span> <span class='ocrx_word' id='word_1_35' title='bbox 1004 1522 1041 1591; x_wconf 75' lang='grc' dir='ltr'>δι</span> <span class='ocrx_word' id='word_1_36' title='bbox 1057 1537 1209 1601; x_wconf 85' lang='lat' dir='ltr'>tenaces;</span> <span class='ocrx_word' id='word_1_37' title='bbox 1222 1516 1335 1588; x_wconf 84' lang='lat' dir='ltr'>calido</span> <span class='ocrx_word' id='word_1_38' title='bbox 1348 1543 1423 1613; x_wconf 86' lang='lat' dir='ltr'>gra·</span> 
     </span>
     <span class='ocr_line' id='line_1_7' title="bbox 456 1622 1421 1719; baseline 0.002 -24"><span class='ocrx_word' id='word_1_39' title='bbox 456 1625 492 1696; x_wconf 91' lang='lat' dir='ltr'>ni</span> <span class='ocrx_word' id='word_1_40' title='bbox 507 1627 736 1702; x_wconf 82' lang='lat' dir='ltr'>tenerioris&amp;</span> <span class='ocrx_word' id='word_1_41' title='bbox 752 1626 1001 1714; x_wconf 81' lang='lat' dir='ltr'>humidi3s1cco</span> <span class='ocrx_word' id='word_1_42' title='bbox 1015 1650 1089 1713; x_wconf 86' lang='lat' dir='ltr'>eas,</span> <span class='ocrx_word' id='word_1_43' title='bbox 1104 1649 1179 1719; x_wconf 80' lang='lat' dir='ltr'>qua</span> <span class='ocrx_word' id='word_1_44' title='bbox 1193 1622 1323 1718; x_wconf 85' lang='lat' dir='ltr'>pluvias</span> <span class='ocrx_word' id='word_1_45' title='bbox 1333 1622 1421 1697; x_wconf 80' lang='lat' dir='ltr'>ferre</span> 
     </span>
     <span class='ocr_line' id='line_1_8' title="bbox 454 1733 1421 1830; baseline 0.001 -26"><span class='ocrx_word' id='word_1_46' title='bbox 454 1757 528 1824; x_wconf 84' lang='lat' dir='ltr'>uon</span> <span class='ocrx_word' id='word_1_47' title='bbox 544 1736 686 1829; x_wconf 69' lang='lat' dir='ltr'>potsunt</span> <span class='ocrx_word' id='word_1_48' title='bbox 699 1763 713 1819; x_wconf 71' lang='lat' dir='ltr'>:v</span> <span class='ocrx_word' id='word_1_49' title='bbox 731 1738 768 1807; x_wconf 88' lang='lat'>&amp;</span> <span class='ocrx_word' id='word_1_50' title='bbox 791 1760 833 1806; x_wconf 88' lang='lat' dir='ltr'>ne</span> <span class='ocrx_word' id='word_1_51' title='bbox 854 1735 958 1807; x_wconf 91' lang='lat' dir='ltr'>multa</span> <span class='ocrx_word' id='word_1_52' title='bbox 977 1733 1151 1818; x_wconf 87' lang='lat' dir='ltr'>dicamus,</span> <span class='ocrx_word' id='word_1_53' title='bbox 1172 1733 1322 1830; x_wconf 85' lang='lat' dir='ltr'>eligenda</span> <span class='ocrx_word' id='word_1_54' title='bbox 1345 1734 1421 1805; x_wconf 87' lang='lat' dir='ltr'>sunt</span> 
     </span>
     <span class='ocr_line' id='line_1_9' title="bbox 452 1840 1421 1939; baseline 0.002 -27"><span class='ocrx_word' id='word_1_55' title='bbox 452 1865 592 1936; x_wconf 84' lang='lat' dir='ltr'>genera,</span> <span class='ocrx_word' id='word_1_56' title='bbox 608 1869 683 1939; x_wconf 85' lang='lat' dir='ltr'>quae</span> <span class='ocrx_word' id='word_1_57' title='bbox 698 1842 903 1939; x_wconf 75' lang='lat' dir='ltr'>professione</span> <span class='ocrx_word' id='word_1_58' title='bbox 917 1840 1084 1930; x_wconf 80' lang='lat' dir='ltr'>vitiorum</span> <span class='ocrx_word' id='word_1_59' title='bbox 1099 1841 1235 1910; x_wconf 80' lang='lat' dir='ltr'>suorum</span> <span class='ocrx_word' id='word_1_60' title='bbox 1250 1842 1421 1914; x_wconf 86' lang='lat' dir='ltr'>contraria</span> 
     </span>
     <span class='ocr_line' id='line_1_10' title="bbox 352 1947 1423 2048; baseline 0.002 -27"><span class='ocrx_word' id='word_1_61' title='bbox 352 1987 354 1992; x_wconf 96' lang='lat'>·</span> <span class='ocrx_word' id='word_1_62' title='bbox 451 1950 530 2024; x_wconf 85' lang='lat' dir='ltr'>loca</span> <span class='ocrx_word' id='word_1_63' title='bbox 553 1952 696 2048; x_wconf 84' lang='lat' dir='ltr'>diligunt</span> <span class='ocrx_word' id='word_1_64' title='bbox 718 1953 783 2034; x_wconf 89' lang='lat' dir='ltr'>iis,</span> <span class='ocrx_word' id='word_1_65' title='bbox 805 1951 840 2018; x_wconf 93' lang='lat' dir='ltr'>in</span> <span class='ocrx_word' id='word_1_66' title='bbox 863 1948 985 2041; x_wconf 89' lang='lat' dir='ltr'>quibus</span> <span class='ocrx_word' id='word_1_67' title='bbox 1008 1947 1126 2018; x_wconf 84' lang='lat' dir='ltr'>durare</span> <span class='ocrx_word' id='word_1_68' title='bbox 1148 1971 1221 2017; x_wconf 93' lang='lat' dir='ltr'>non</span> <span class='ocrx_word' id='word_1_69' title='bbox 1236 1965 1423 2041; x_wconf 70' lang='lat' dir='ltr'>potestant.</span> 
     </span>
     <span class='ocr_line' id='line_1_11' title="bbox 451 2057 1421 2154; baseline 0.001 -23"><span class='ocrx_word' id='word_1_70' title='bbox 451 2060 588 2132; x_wconf 86' lang='lat' dir='ltr'>Placida</span> <span class='ocrx_word' id='word_1_71' title='bbox 599 2062 680 2135; x_wconf 14' lang='lat' dir='ltr'>*sane</span> <span class='ocrx_word' id='word_1_72' title='bbox 702 2059 798 2154; x_wconf 84' lang='lat' dir='ltr'>regio</span> <span class='ocrx_word' id='word_1_73' title='bbox 812 2059 849 2130; x_wconf 76' lang='grc' dir='ltr'>δι</span> <span class='ocrx_word' id='word_1_74' title='bbox 861 2057 971 2129; x_wconf 87' lang='lat' dir='ltr'>serena</span> <span class='ocrx_word' id='word_1_75' title='bbox 985 2075 1062 2130; x_wconf 86' lang='lat' dir='ltr'>tuto</span> <span class='ocrx_word' id='word_1_76' title='bbox 1080 2083 1183 2154; x_wconf 73' lang='lat' dir='ltr'>genus</span> <span class='ocrx_word' id='word_1_77' title='bbox 1201 2083 1304 2131; x_wconf 91' lang='lat' dir='ltr'>omne</span> <span class='ocrx_word' id='word_1_78' title='bbox 1319 2057 1421 2144; x_wconf 76' lang='lat' dir='ltr'>susci·</span> 
     </span>
     <span class='ocr_line' id='line_1_12' title="bbox 451 2166 1420 2264; baseline 0.002 -28"><span class='ocrx_word' id='word_1_79' title='bbox 451 2168 533 2262; x_wconf 90' lang='lat' dir='ltr'>piet.</span> <span class='ocrx_word' id='word_1_80' title='bbox 554 2167 684 2248; x_wconf 76' lang='lat' dir='ltr'>Vitium</span> <span class='ocrx_word' id='word_1_81' title='bbox 702 2192 821 2264; x_wconf 83' lang='lat' dir='ltr'>genera</span> <span class='ocrx_word' id='word_1_82' title='bbox 841 2191 1018 2239; x_wconf 88' lang='lat' dir='ltr'>numerare</span> <span class='ocrx_word' id='word_1_83' title='bbox 1039 2194 1112 2250; x_wconf 87' lang='lat' dir='ltr'>nou</span> <span class='ocrx_word' id='word_1_84' title='bbox 1128 2166 1258 2242; x_wconf 84' lang='lat' dir='ltr'><strong>attinet.</strong></span> <span class='ocrx_word' id='word_1_85' title='bbox 1277 2167 1333 2240; x_wconf 90' lang='lat' dir='ltr'>sed</span> <span class='ocrx_word' id='word_1_86' title='bbox 1351 2184 1420 2238; x_wconf 49' lang='lat' dir='ltr'>noe</span> 
     </span>
     <span class='ocr_line' id='line_1_13' title="bbox 452 2276 1419 2383; baseline 0.002 -35"><span class='ocrx_word' id='word_1_87' title='bbox 452 2297 531 2383; x_wconf 80' lang='lat' dir='ltr'>tum&#39;</span> <span class='ocrx_word' id='word_1_88' title='bbox 545 2276 613 2365; x_wconf 43' lang='lat' dir='ltr'>estu</span> <span class='ocrx_word' id='word_1_89' title='bbox 628 2276 772 2372; x_wconf 63' lang='lat' dir='ltr'>majores</span> <span class='ocrx_word' id='word_1_90' title='bbox 782 2277 874 2362; x_wconf 66' lang='lat' dir='ltr'>uvas</span> <span class='ocrx_word' id='word_1_91' title='bbox 895 2281 1047 2376; x_wconf 66' lang='lat' dir='ltr'>pulchrae</span> <span class='ocrx_word' id='word_1_92' title='bbox 1066 2280 1187 2376; x_wconf 88' lang='lat' dir='ltr'>speciei</span> <span class='ocrx_word' id='word_1_93' title='bbox 1202 2335 1213 2371; x_wconf 84' lang='lat'><strong><em>‚</em></strong></span> <span class='ocrx_word' id='word_1_94' title='bbox 1227 2278 1321 2378; x_wconf 86' lang='lat' dir='ltr'>grani</span> <span class='ocrx_word' id='word_1_95' title='bbox 1341 2276 1419 2352; x_wconf 68' lang='lat' dir='ltr'>&#39;cal-</span> 
     </span>
     <span class='ocr_line' id='line_1_14' title="bbox 450 2378 1417 2494; baseline 0.008 -36"><span class='ocrx_word' id='word_1_96' title='bbox 450 2386 513 2458; x_wconf 84' lang='lat' dir='ltr'>tofi</span> <span class='ocrx_word' id='word_1_97' title='bbox 532 2390 576 2474; x_wconf 56' lang='grc' dir='ltr'>ὃς,</span> <span class='ocrx_word' id='word_1_98' title='bbox 591 2388 760 2480; x_wconf 69' lang='lat' dir='ltr'>meionis,</span> <span class='ocrx_word' id='word_1_99' title='bbox 783 2392 824 2465; x_wconf 88' lang='lat' dir='ltr'>ad</span> <span class='ocrx_word' id='word_1_100' title='bbox 843 2378 989 2465; x_wconf 75' lang='lat' dir='ltr'>mensam</span> <span class='ocrx_word' id='word_1_101' title='bbox 1003 2419 1015 2480; x_wconf 90' lang='lat'>;</span> <span class='ocrx_word' id='word_1_102' title='bbox 1031 2393 1242 2467; x_wconf 73' lang='lat' dir='ltr'>feracissimas</span> <span class='ocrx_word' id='word_1_103' title='bbox 1264 2416 1350 2494; x_wconf 71' lang='lat' dir='ltr'>uero</span> <span class='ocrx_word' id='word_1_104' title='bbox 1376 2392 1417 2466; x_wconf 81' lang='grc' dir='ltr'>δι</span> 
     </span>
     <span class='ocr_line' id='line_1_15' title="bbox 450 2497 1416 2597; baseline 0.003 -28"><span class='ocrx_word' id='word_1_105' title='bbox 450 2497 538 2569; x_wconf 83' lang='lat' dir='ltr'>cutis</span> <span class='ocrx_word' id='word_1_106' title='bbox 554 2499 755 2596; x_wconf 74' lang='lat' dir='ltr'>tenerioris,</span> <span class='ocrx_word' id='word_1_107' title='bbox 771 2505 807 2574; x_wconf 91' lang='lat'><strong>&amp;</strong></span> <span class='ocrx_word' id='word_1_108' title='bbox 827 2501 944 2597; x_wconf 79' lang='lat' dir='ltr'>sapore</span> <span class='ocrx_word' id='word_1_109' title='bbox 961 2500 1113 2590; x_wconf 89' lang='lat' dir='ltr'>nobiles,</span> <span class='ocrx_word' id='word_1_110' title='bbox 1127 2504 1164 2573; x_wconf 80' lang='grc' dir='ltr'>δι</span> <span class='ocrx_word' id='word_1_111' title='bbox 1178 2500 1322 2572; x_wconf 86' lang='lat' dir='ltr'>maxime</span> <span class='ocrx_word' id='word_1_112' title='bbox 1339 2524 1416 2594; x_wconf 70' lang='lat' dir='ltr'>queo</span> 
     </span>
    </p>
   </div>
   <div class='ocr_carea' id='block_1_3' title="bbox 335 2608 1415 2709">
    <p class='ocr_par' dir='ltr' id='par_1_3' title="bbox 335 2608 1415 2709">
     <span class='ocr_line' id='line_1_16' title="bbox 335 2608 1415 2709; baseline 0 -29"><span class='ocrx_word' id='word_1_113' title='bbox 335 2694 336 2709; x_wconf 11' lang='grc' dir='ltr'>χ</span> <span class='ocrx_word' id='word_1_114' title='bbox 448 2608 548 2680; x_wconf 85' lang='lat' dir='ltr'>citius</span> <span class='ocrx_word' id='word_1_115' title='bbox 570 2609 816 2698; x_wconf 87' lang='lat' dir='ltr'>deflorescunt,</span> <span class='ocrx_word' id='word_1_116' title='bbox 830 2610 1012 2681; x_wconf 81' lang='lat' dir='ltr'>vindemiis</span> <span class='ocrx_word' id='word_1_117' title='bbox 1033 2611 1096 2681; x_wconf 83' lang='lat' dir='ltr'>effe</span> <span class='ocrx_word' id='word_1_118' title='bbox 1116 2608 1305 2680; x_wconf 87' lang='lat' dir='ltr'>servandas.</span> <span class='ocrx_word' id='word_1_119' title='bbox 1322 2612 1415 2692; x_wconf 80' lang='lat' dir='ltr'>Loca</span> 
     </span>
    </p>
   </div>
   <div class='ocr_carea' id='block_1_4' title="bbox 432 2717 1417 3133">
    <p class='ocr_par' dir='ltr' id='par_1_4' title="bbox 432 2717 1417 3133">
     <span class='ocr_line' id='line_1_17' title="bbox 445 2717 1415 2814; baseline -0.004 -24"><span class='ocrx_word' id='word_1_120' title='bbox 445 2739 603 2791; x_wconf 86' lang='lat' dir='ltr'>naturam</span> <span class='ocrx_word' id='word_1_121' title='bbox 627 2719 793 2814; x_wconf 89' lang='lat' dir='ltr'>plerisque</span> <span class='ocrx_word' id='word_1_122' title='bbox 816 2719 942 2788; x_wconf 86' lang='lat' dir='ltr'>vitibus</span> <span class='ocrx_word' id='word_1_123' title='bbox 960 2735 1102 2786; x_wconf 88' lang='lat' dir='ltr'>mutant.</span> <span class='ocrx_word' id='word_1_124' title='bbox 1121 2717 1211 2792; x_wconf 85' lang='lat' dir='ltr'>Solae</span> <span class='ocrx_word' id='word_1_125' title='bbox 1237 2718 1415 2804; x_wconf 84' lang='lat' dir='ltr'>Amineae,</span> 
     </span>
     <span class='ocr_line' id='line_1_18' title="bbox 447 2820 1416 2918; baseline -0.001 -21"><span class='ocrx_word' id='word_1_126' title='bbox 447 2827 643 2918; x_wconf 86' lang='lat' dir='ltr'>ubicunque</span> <span class='ocrx_word' id='word_1_127' title='bbox 658 2826 745 2908; x_wconf 78' lang='lat' dir='ltr'>sint,</span> <span class='ocrx_word' id='word_1_128' title='bbox 765 2823 883 2892; x_wconf 91' lang='lat' dir='ltr'>vinum</span> <span class='ocrx_word' id='word_1_129' title='bbox 905 2820 1163 2913; x_wconf 84' lang='lat' dir='ltr'>pulcherrimum</span> <span class='ocrx_word' id='word_1_130' title='bbox 1177 2824 1332 2894; x_wconf 88' lang='lat' dir='ltr'>reddunt.</span> <span class='ocrx_word' id='word_1_131' title='bbox 1357 2843 1416 2896; x_wconf 63' lang='lat' dir='ltr'>cad</span> 
     </span>
     <span class='ocr_line' id='line_1_19' title="bbox 447 2925 1417 3023; baseline 0.002 -22"><span class='ocrx_word' id='word_1_132' title='bbox 447 2932 558 3001; x_wconf 86' lang='lat' dir='ltr'>lidum</span> <span class='ocrx_word' id='word_1_133' title='bbox 585 2929 702 2998; x_wconf 90' lang='lat' dir='ltr'>statum</span> <span class='ocrx_word' id='word_1_134' title='bbox 718 2927 832 3022; x_wconf 88' lang='lat' dir='ltr'>potius</span> <span class='ocrx_word' id='word_1_135' title='bbox 848 2953 946 3023; x_wconf 88' lang='lat' dir='ltr'>quam</span> <span class='ocrx_word' id='word_1_136' title='bbox 964 2925 1122 3023; x_wconf 86' lang='lat' dir='ltr'>frigidum</span> <span class='ocrx_word' id='word_1_137' title='bbox 1141 2927 1361 3016; x_wconf 80' lang='lat' dir='ltr'>sustinebunt.</span> <span class='ocrx_word' id='word_1_138' title='bbox 1374 2930 1417 3004; x_wconf 85' lang='lat' dir='ltr'>de</span> 
     </span>
     <span class='ocr_line' id='line_1_20' title="bbox 432 3035 1416 3133; baseline 0.003 -27"><span class='ocrx_word' id='word_1_139' title='bbox 432 3035 568 3133; x_wconf 83' lang='lat' dir='ltr'>pingui</span> <span class='ocrx_word' id='word_1_140' title='bbox 586 3036 628 3106; x_wconf 91' lang='lat' dir='ltr'>ad</span> <span class='ocrx_word' id='word_1_141' title='bbox 645 3060 795 3107; x_wconf 89' lang='lat' dir='ltr'>macrum</span> <span class='ocrx_word' id='word_1_142' title='bbox 819 3035 953 3107; x_wconf 79' lang='lat' dir='ltr'>transire</span> <span class='ocrx_word' id='word_1_143' title='bbox 969 3059 1042 3107; x_wconf 93' lang='lat' dir='ltr'>non</span> <span class='ocrx_word' id='word_1_144' title='bbox 1062 3038 1224 3131; x_wconf 75' lang='lat' dir='ltr'>possunt,</span> <span class='ocrx_word' id='word_1_145' title='bbox 1244 3035 1305 3107; x_wconf 80' lang='lat' dir='ltr'>nisi</span> <span class='ocrx_word' id='word_1_146' title='bbox 1332 3036 1416 3109; x_wconf 86' lang='lat' dir='ltr'>ster·</span> 
     </span>
    </p>
   </div>
   <div class='ocr_carea' id='block_1_5' title="bbox 447 3142 1570 3242">
    <p class='ocr_par' dir='ltr' id='par_1_5' title="bbox 447 3142 1570 3242">
     <span class='ocr_line' id='line_1_21' title="bbox 447 3142 1570 3242; baseline -0.004 -23"><span class='ocrx_word' id='word_1_147' title='bbox 447 3171 508 3219; x_wconf 88' lang='lat' dir='ltr'>cus</span> <span class='ocrx_word' id='word_1_148' title='bbox 520 3142 696 3236; x_wconf 85' lang='lat' dir='ltr'>adjuverit.</span> <span class='ocrx_word' id='word_1_149' title='bbox 719 3144 835 3214; x_wconf 90' lang='lat' dir='ltr'>harum</span> <span class='ocrx_word' id='word_1_150' title='bbox 849 3144 918 3215; x_wconf 93' lang='lat' dir='ltr'>duo</span> <span class='ocrx_word' id='word_1_151' title='bbox 933 3168 1055 3242; x_wconf 84' lang='lat' dir='ltr'>genera</span> <span class='ocrx_word' id='word_1_152' title='bbox 1071 3142 1166 3233; x_wconf 87' lang='lat' dir='ltr'>sunt,</span> <span class='ocrx_word' id='word_1_153' title='bbox 1179 3142 1288 3239; x_wconf 85' lang='lat' dir='ltr'>major</span> <span class='ocrx_word' id='word_1_154' title='bbox 1300 3146 1343 3232; x_wconf 62' lang='lat'>&amp;⁴</span> <span class='ocrx_word' id='word_1_155' title='bbox 1351 3145 1416 3238; x_wconf 87' lang='lat' dir='ltr'>mi·</span> <span class='ocrx_word' id='word_1_156' title='bbox 1466 3166 1467 3169; x_wconf 73' lang='grc'>’</span> <span class='ocrx_word' id='word_1_157' title='bbox 1567 3167 1570 3172; x_wconf 68' lang='grc'>“</span> 
     </span>
    </p>
   </div>
   <div class='ocr_carea' id='block_1_6' title="bbox 366 3254 1510 4335">
    <p class='ocr_par' dir='ltr' id='par_1_6' title="bbox 366 3254 1510 3657">
     <span class='ocr_line' id='line_1_22' title="bbox 447 3254 1415 3344; baseline 0.003 -17"><span class='ocrx_word' id='word_1_158' title='bbox 447 3282 525 3327; x_wconf 91' lang='lat' dir='ltr'>nor.</span> <span class='ocrx_word' id='word_1_159' title='bbox 547 3255 601 3326; x_wconf 91' lang='lat' dir='ltr'>sed</span> <span class='ocrx_word' id='word_1_160' title='bbox 621 3256 735 3327; x_wconf 88' lang='lat' dir='ltr'>minor</span> <span class='ocrx_word' id='word_1_161' title='bbox 757 3254 876 3328; x_wconf 80' lang='lat' dir='ltr'>melius</span> <span class='ocrx_word' id='word_1_162' title='bbox 903 3254 1150 3329; x_wconf 87' lang='lat' dir='ltr'>deflorescit&amp;</span> <span class='ocrx_word' id='word_1_163' title='bbox 1169 3254 1415 3344; x_wconf 81' lang='lat' dir='ltr'>citius‚inte&#39;r·&#39;</span> 
     </span>
     <span class='ocr_line' id='line_1_23' title="bbox 448 3365 1414 3462; baseline -0.004 -25"><span class='ocrx_word' id='word_1_164' title='bbox 448 3365 562 3437; x_wconf 87' lang='lat' dir='ltr'>nodiis</span> <span class='ocrx_word' id='word_1_165' title='bbox 585 3365 777 3437; x_wconf 87' lang='lat' dir='ltr'>minoribus</span> <span class='ocrx_word' id='word_1_166' title='bbox 798 3368 836 3438; x_wconf 89' lang='lat'><strong>&amp;</strong></span> <span class='ocrx_word' id='word_1_167' title='bbox 854 3392 959 3461; x_wconf 84' lang='lat' dir='ltr'>grano</span> <span class='ocrx_word' id='word_1_168' title='bbox 980 3366 1152 3439; x_wconf 83' lang='lat' dir='ltr'>breviore.</span> <span class='ocrx_word' id='word_1_169' title='bbox 1175 3366 1198 3436; x_wconf 83' lang='lat' dir='ltr'>fi</span> <span class='ocrx_word' id='word_1_170' title='bbox 1219 3366 1333 3438; x_wconf 86' lang='lat' dir='ltr'>arbori</span> <span class='ocrx_word' id='word_1_171' title='bbox 1352 3392 1414 3462; x_wconf 69' lang='lat' dir='ltr'>ap»</span> 
     </span>
     <span class='ocr_line' id='line_1_24' title="bbox 447 3474 1510 3572; baseline 0.003 -27"><span class='ocrx_word' id='word_1_172' title='bbox 447 3476 620 3572; x_wconf 76' lang='lat' dir='ltr'>plicetur,</span> <span class='ocrx_word' id='word_1_173' title='bbox 643 3475 802 3571; x_wconf 84' lang='lat' dir='ltr'>pinguem</span> <span class='ocrx_word' id='word_1_174' title='bbox 821 3475 1007 3561; x_wconf 75' lang='lat' dir='ltr'>terram3sr</span> <span class='ocrx_word' id='word_1_175' title='bbox 1033 3476 1165 3548; x_wconf 90' lang='lat' dir='ltr'>colatur</span> <span class='ocrx_word' id='word_1_176' title='bbox 1186 3474 1221 3546; x_wconf 90' lang='lat' dir='ltr'>in</span> <span class='ocrx_word' id='word_1_177' title='bbox 1246 3475 1414 3565; x_wconf 85' lang='lat' dir='ltr'>ordines,</span> <span class='ocrx_word' id='word_1_178' title='bbox 1508 3528 1510 3532; x_wconf 30' lang='grc' dir='ltr'>ψ</span> 
     </span>
     <span class='ocr_line' id='line_1_25' title="bbox 366 3581 1413 3657; baseline 0.002 -2"><span class='ocrx_word' id='word_1_179' title='bbox 366 3603 368 3608; x_wconf 87' lang='grc'><strong><em>·</em></strong></span> <span class='ocrx_word' id='word_1_180' title='bbox 448 3586 657 3656; x_wconf 84' lang='lat' dir='ltr'>mediocrem</span> <span class='ocrx_word' id='word_1_181' title='bbox 677 3583 848 3656; x_wconf 77' lang='lat' dir='ltr'>desiderat.</span> <span class='ocrx_word' id='word_1_182' title='bbox 870 3581 993 3655; x_wconf 87' lang='lat' dir='ltr'>imbres</span> <span class='ocrx_word' id='word_1_183' title='bbox 1008 3583 1197 3656; x_wconf 84' lang='lat' dir='ltr'>contemnit</span> <span class='ocrx_word' id='word_1_184' title='bbox 1212 3586 1249 3657; x_wconf 74' lang='grc' dir='ltr'>δι</span> <span class='ocrx_word' id='word_1_185' title='bbox 1263 3604 1413 3657; x_wconf 65' lang='lat' dir='ltr'>ventose</span> 
     </span>
    </p>

    <p class='ocr_par' dir='ltr' id='par_1_7' title="bbox 447 3687 1495 4335">
     <span class='ocr_line' id='line_1_26' title="bbox 448 3687 1495 3790; baseline -0.002 -24"><span class='ocrx_word' id='word_1_186' title='bbox 448 3721 525 3767; x_wconf 90' lang='lat' dir='ltr'>nam</span> <span class='ocrx_word' id='word_1_187' title='bbox 549 3693 658 3787; x_wconf 77' lang='lat' dir='ltr'>major</span> <span class='ocrx_word' id='word_1_188' title='bbox 676 3694 761 3790; x_wconf 80' lang='lat' dir='ltr'>sape</span> <span class='ocrx_word' id='word_1_189' title='bbox 783 3694 920 3765; x_wconf 79' lang='lat' dir='ltr'>uitiatur</span> <span class='ocrx_word' id='word_1_190' title='bbox 942 3694 981 3765; x_wconf 90' lang='lat' dir='ltr'>in</span> <span class='ocrx_word' id='word_1_191' title='bbox 998 3695 1092 3768; x_wconf 87' lang='lat' dir='ltr'>flore.</span> <span class='ocrx_word' id='word_1_192' title='bbox 1110 3698 1246 3766; x_wconf 86' lang='lat' dir='ltr'>Sunt&amp;</span> <span class='ocrx_word' id='word_1_193' title='bbox 1269 3695 1412 3789; x_wconf 75' lang='lat' dir='ltr'>Apianae</span> <span class='ocrx_word' id='word_1_194' title='bbox 1493 3687 1495 3690; x_wconf 59' lang='grc'><strong>’</strong></span> 
     </span>
     <span class='ocr_line' id='line_1_27' title="bbox 447 3802 1411 3905; baseline -0.003 -30"><span class='ocrx_word' id='word_1_195' title='bbox 447 3803 639 3899; x_wconf 74' lang='lat' dir='ltr'>praecipuae.</span> <span class='ocrx_word' id='word_1_196' title='bbox 663 3804 748 3876; x_wconf 85' lang='lat' dir='ltr'>Satis</span> <span class='ocrx_word' id='word_1_197' title='bbox 774 3803 821 3875; x_wconf 90' lang='lat' dir='ltr'>est</span> <span class='ocrx_word' id='word_1_198' title='bbox 842 3829 963 3899; x_wconf 85' lang='lat' dir='ltr'>genera</span> <span class='ocrx_word' id='word_1_199' title='bbox 987 3803 1044 3898; x_wconf 74' lang='lat' dir='ltr'>ista</span> <span class='ocrx_word' id='word_1_200' title='bbox 1063 3802 1206 3905; x_wconf 70' lang='lat' dir='ltr'>dixiffet</span> <span class='ocrx_word' id='word_1_201' title='bbox 1231 3802 1411 3902; x_wconf 60' lang='lat' dir='ltr'>induii&#39;rius</span> 
     </span>
     <span class='ocr_line' id='line_1_28' title="bbox 447 3909 1465 4007; baseline -0.005 -26"><span class='ocrx_word' id='word_1_202' title='bbox 447 3910 503 3981; x_wconf 90' lang='lat' dir='ltr'>vir</span> <span class='ocrx_word' id='word_1_203' title='bbox 526 3909 668 4003; x_wconf 88' lang='lat' dir='ltr'>probata</span> <span class='ocrx_word' id='word_1_204' title='bbox 683 3912 831 4007; x_wconf 79' lang='lat' dir='ltr'>deligat,</span> <span class='ocrx_word' id='word_1_205' title='bbox 845 3916 882 3986; x_wconf 75' lang='grc' dir='ltr'>δι</span> <span class='ocrx_word' id='word_1_206' title='bbox 899 3911 993 3983; x_wconf 86' lang='lat' dir='ltr'>terris</span> <span class='ocrx_word' id='word_1_207' title='bbox 1012 3912 1131 3983; x_wconf 80' lang='lat' dir='ltr'>talibus</span> <span class='ocrx_word' id='word_1_208' title='bbox 1149 3910 1307 3999; x_wconf 84' lang='lat' dir='ltr'>mandet,</span> <span class='ocrx_word' id='word_1_209' title='bbox 1331 3934 1411 4005; x_wconf 79' lang='lat' dir='ltr'>quae</span> <span class='ocrx_word' id='word_1_210' title='bbox 1462 3970 1465 3976; x_wconf 81' lang='lat'>.</span> 
     </span>
     <span class='ocr_line' id='line_1_29' title="bbox 447 4013 1411 4112; baseline 0.001 -27"><span class='ocrx_word' id='word_1_211' title='bbox 447 4014 577 4090; x_wconf 88' lang='lat' dir='ltr'>imitari</span> <span class='ocrx_word' id='word_1_212' title='bbox 591 4041 646 4088; x_wconf 85' lang='lat' dir='ltr'>eas</span> <span class='ocrx_word' id='word_1_213' title='bbox 665 4017 810 4112; x_wconf 73' lang='lat' dir='ltr'>possint,</span> <span class='ocrx_word' id='word_1_214' title='bbox 827 4021 922 4090; x_wconf 91' lang='lat' dir='ltr'>unde-</span> <span class='ocrx_word' id='word_1_215' title='bbox 937 4015 1111 4098; x_wconf 80' lang='lat' dir='ltr'>sumuntur</span> <span class='ocrx_word' id='word_1_216' title='bbox 1121 4015 1193 4091; x_wconf 75' lang='lat' dir='ltr'>:tic</span> <span class='ocrx_word' id='word_1_217' title='bbox 1213 4015 1338 4088; x_wconf 75' lang='lat' dir='ltr'>menta</span> <span class='ocrx_word' id='word_1_218' title='bbox 1354 4013 1411 4086; x_wconf 84' lang='lat' dir='ltr'>sua</span> 
     </span>
     <span class='ocr_line' id='line_1_30' title="bbox 448 4122 1410 4219; baseline 0.004 -28"><span class='ocrx_word' id='word_1_219' title='bbox 448 4124 591 4219; x_wconf 76' lang='lat' dir='ltr'>quaeque</span> <span class='ocrx_word' id='word_1_220' title='bbox 618 4125 775 4199; x_wconf 86' lang='lat' dir='ltr'>servabit.</span> <span class='ocrx_word' id='word_1_221' title='bbox 801 4129 868 4200; x_wconf 85' lang='lat' dir='ltr'>Sed</span> <span class='ocrx_word' id='word_1_222' title='bbox 892 4128 996 4201; x_wconf 88' lang='lat' dir='ltr'>vitem</span> <span class='ocrx_word' id='word_1_223' title='bbox 1024 4127 1082 4199; x_wconf 82' lang='lat' dir='ltr'>vel</span> <span class='ocrx_word' id='word_1_224' title='bbox 1105 4125 1261 4197; x_wconf 87' lang='lat' dir='ltr'>arborem</span> <span class='ocrx_word' id='word_1_225' title='bbox 1292 4122 1410 4212; x_wconf 76' lang='lat' dir='ltr'>melius</span> 
     </span>
     <span class='ocr_line' id='line_1_31' title="bbox 449 4225 1409 4335; baseline 0.005 -35"><span class='ocrx_word' id='word_1_226' title='bbox 449 4232 513 4301; x_wconf 89' lang='lat' dir='ltr'>erit</span> <span class='ocrx_word' id='word_1_227' title='bbox 533 4234 575 4303; x_wconf 90' lang='lat' dir='ltr'>de</span> <span class='ocrx_word' id='word_1_228' title='bbox 593 4234 673 4312; x_wconf 78' lang='lat' dir='ltr'>exiti</span> <span class='ocrx_word' id='word_1_229' title='bbox 695 4236 737 4308; x_wconf 90' lang='lat' dir='ltr'>ad</span> <span class='ocrx_word' id='word_1_230' title='bbox 759 4235 915 4335; x_wconf 86' lang='lat' dir='ltr'>pinguem</span> <span class='ocrx_word' id='word_1_231' title='bbox 940 4236 1128 4311; x_wconf 80' lang='lat' dir='ltr'>transferre.</span> <span class='ocrx_word' id='word_1_232' title='bbox 1150 4260 1227 4305; x_wconf 93' lang='lat' dir='ltr'>nam</span> <span class='ocrx_word' id='word_1_233' title='bbox 1250 4225 1273 4304; x_wconf 84' lang='lat' dir='ltr'>fi</span> <span class='ocrx_word' id='word_1_234' title='bbox 1294 4258 1313 4305; x_wconf 88' lang='lat' dir='ltr'>a</span> <span class='ocrx_word' id='word_1_235' title='bbox 1332 4234 1409 4329; x_wconf 91' lang='lat' dir='ltr'>piu-</span> 
     </span>
    </p>
   </div>
   <div class='ocr_carea' id='block_1_7' title="bbox 354 4339 1409 4550">
    <p class='ocr_par' dir='ltr' id='par_1_8' title="bbox 354 4339 1409 4550">
     <span class='ocr_line' id='line_1_32' title="bbox 354 4339 1409 4438; baseline 0.001 -23"><span class='ocrx_word' id='word_1_236' title='bbox 354 4409 357 4415; x_wconf 89' lang='lat'>.</span> <span class='ocrx_word' id='word_1_237' title='bbox 377 4398 379 4403; x_wconf 86' lang='lat'><em>.</em></span> <span class='ocrx_word' id='word_1_238' title='bbox 447 4339 504 4438; x_wconf 82' lang='lat' dir='ltr'>gui</span> <span class='ocrx_word' id='word_1_239' title='bbox 524 4358 610 4415; x_wconf 87' lang='lat' dir='ltr'>terra</span> <span class='ocrx_word' id='word_1_240' title='bbox 626 4344 667 4415; x_wconf 91' lang='lat' dir='ltr'>ad</span> <span class='ocrx_word' id='word_1_241' title='bbox 687 4342 796 4418; x_wconf 87' lang='lat' dir='ltr'>solum</span> <span class='ocrx_word' id='word_1_242' title='bbox 810 4349 896 4424; x_wconf 87' lang='lat' dir='ltr'>exile</span> <span class='ocrx_word' id='word_1_243' title='bbox 912 4347 1101 4423; x_wconf 84' lang='lat' dir='ltr'>tranfierint</span> <span class='ocrx_word' id='word_1_244' title='bbox 1111 4396 1124 4436; x_wconf 85' lang='lat'>,</span> <span class='ocrx_word' id='word_1_245' title='bbox 1137 4344 1238 4416; x_wconf 80' lang='lat' dir='ltr'>untes</span> <span class='ocrx_word' id='word_1_246' title='bbox 1258 4343 1321 4418; x_wconf 85' lang='lat' dir='ltr'>effe</span> <span class='ocrx_word' id='word_1_247' title='bbox 1337 4367 1409 4418; x_wconf 92' lang='lat' dir='ltr'>non</span> 
     </span>
     <span class='ocr_line' id='line_1_33' title="bbox 1146 4454 1328 4550; baseline 0 -27"><span class='ocrx_word' id='word_1_248' title='bbox 1146 4454 1174 4523; x_wconf 87' lang='lat' dir='ltr'>E</span> <span class='ocrx_word' id='word_1_249' title='bbox 1201 4478 1219 4550; x_wconf 78' lang='lat'><em>3</em></span> <span class='ocrx_word' id='word_1_250' title='bbox 1324 4462 1328 4472; x_wconf 91' lang='lat'><em>&#39;</em></span> 
     </span>
    </p>
   </div>
   <div class='ocr_carea' id='block_1_8' title="bbox 0 0 1942 5759">
    <p class='ocr_par' dir='ltr' id='par_1_9' title="bbox 0 0 1942 5759">
     <span class='ocr_line' id='line_1_34' title="bbox 0 0 1942 5759; baseline 0 5"><span class='ocrx_word' id='word_1_251' title='bbox 0 0 1942 5759; x_wconf 95' lang='lat' dir='ltr'> </span> 
     </span>
    </p>
   </div>
  </div>
 </body>
</html>
