3875 5759
584 844 1357 1001 eruutreuaunar'u's'
1402 899 1444 975 ἰι
1515 899 1528 916 ·

422 1147 426 1155 k
536 1056 663 1130 XVlll.
685 1053 896 1131 Hocmense
918 1052 1005 1126 locis
1029 1056 1219 1149 temperatis
1242 1053 1451 1133 instituemus

491 1162 638 1253 oliveta,
654 1190 729 1261 quae
743 1164 799 1236 vel
812 1164 946 1260 pallinis
961 1163 1167 1237 conserenda
1181 1165 1276 1256 sunt,
1289 1186 1330 1267 ιιι
1340 1190 1450 1242 extre·

490 1264 567 1347 mas
589 1276 677 1356 circa
704 1276 914 1354 decimanum
940 1276 1068 1349 tabulas
1094 1276 1251 1373 cingant,
1276 1280 1333 1352 vel
1357 1280 1452 1353 suum

490 1386 608 1461 locum
630 1388 801 1462 tenebunt.
822 1387 856 1459 Si
871 1404 1045 1481 ponuntur
1068 1384 1104 1458 in
1125 1389 1278 1483 pastino,
1298 1391 1454 1466 radicata

477 1497 616 1591 .plantae
631 1497 746 1569 decisis
766 1496 983 1594 capitibus&
1002 1496 1165 1583 brachiis,
1180 1500 1247 1573 &
1239 1526 1274 1570 ιιι
1295 1520 1454 1576 truncum
1525 1577 1528 1584 ,

494 1606 635 1678 ιεάιέὶει
656 1605 761 1703 usque
780 1608 822 1688 td
838 1604 1026 1677 mensuram
1047 1604 1152 1678 cubiti
1175 1606 1275 1681 unius
1295 1610 1346 1683 dc
1343 1611 1456 1706 palmi

494 1714 530 1786 in
546 1714 714 1788 fermento
730 1693 933 1789 terraefolloe
950 1710 1156 1811 defigantur,
1171 1714 1283 1789 locum
1302 1720 1398 1812 palo
1398 1745 1457 1792 an·

496 1841 552 1898 tea
560 1828 787 1922 deprimente
799 1826 896 1897 ordei
911 1850 1012 1921 grana
1028 1823 1324 1912 subterjaciantur,
1337 1832 1373 1900 &
1388 1855 1458 1901 am·

496 1954 633 2032 putetur
648 1937 710 2024 iis,
731 1933 899 2033 quidquid
923 1930 1085 2023 putridi
1077 1950 1253 2003 inventum
1277 1933 1377 2009 suerit
1401 1961 1460 2015 aut

497 2044 643 2116 arentis.
656 2047 693 2115 δι
715 2057 799 2114 tunc
822 2057 993 2135 amputata
1017 2038 1127 2134 capita
1149 2038 1225 2113 luto
1248 2043 1461 2122 velentur&

436 2154 639 2240 musco,
657 2151 777 2222 ulmeis
798 2149 966 2239 vinculis,
983 2151 1041 2224 vel
1063 2151 1237 2225 tenacibus
1253 2156 1460 2251 quibuscun-

416 2287 566 2360 aque
590 2259 779 2333 constricta.
808 2260 872 2333 Sed
893 2261 1079 2334 maximum
1106 2262 1306 2339 beneficium
1334 2269 1401 2361 esl,
1424 2288 1463 2343 ut

430 2367 691 2471 ='·'‘proficiat
680 2390 911 2464 incremento,
935 2373 958 2447 sr
980 2373 1114 2448 rubrica
1138 2395 1249 2472 partes
1274 2399 1460 2472 notentur,
1492 2443 1495 2450 .

431 2475 624 2593 ΙΙιιιιίἰιιιε
647 2476 801 2565 obversa
819 2485 1001 2574 steterunt,
1024 2489 1061 2559 &
1079 2507 1198 2559 contra
1216 2514 1271 2560 eas
1288 2490 1387 2563 simili
1408 2519 1464 2565 ra-

416 2583 442 2700 ζ
500 2601 595 2671 tione
614 2617 795 2694 ponantur.
818 2598 923 2682 Sinta
944 2596 977 2666 se
993 2595 1144 2666 discretae
1161 2598 1300 2704 pedibus
1320 2596 1466 2693 quinde-

503 2707 582 2796 cim,
596 2709 654 2781 vel
668 2706 802 2802 viginti
818 2704 942 2776 Omnis
959 2702 1143 2771 subinde
1114 2728 1203 2774 cuca
1217 2729 1272 2775 eas
1284 2705 1387 2776 herba
1403 2731 1468 2777 ve·

502 2817 613 2887 latur.
634 2817 672 2884 δι
686 2811 822 2904 quoties
841 2809 873 2879 se
887 2807 995 2876 imber
1015 2803 1192 2891 infuderit,
1206 2807 1416 2879 brevissimis
1428 2836 1469 2881 ac

503 2917 776 3015 frequentissimis
790 2915 992 2988 soffionibus
1015 2912 1246 2988 sollicitentur.
1271 2917 1469 2992 &subinde

506 3030 604 3101 duda
626 3052 644 3098 a
665 3048 788 3097 trunco
808 3044 896 3097 terra
920 3035 1022 3122 atque*
1044 3025 1212 3120 permixta
1234 3026 1271 3098 in
1292 3027 1470 3125 aliquanto

506 3138 644 3211 altiores
659 3135 813 3208 cumulos
830 3151 1040 3233 congeratur.
1059 3134 1207 3227 ,Quodsi
1223 3136 1391 3211 olivetum
1406 3139 1469 3214 suo

488 3304 490 3308 ,
504 3250 589 3320 loco
602 3245 710 3319 facere
720 3244 896 3334 volueris,
909 3244 981 3316 hac
992 3267 1114 3340 genera
1127 3262 1293 3318 terrarum·
1304 3247 1471 3343 sequeris:

506 3377 651 3445 terram,
672 3354 728 3428 cui
745 3354 850 3451 mixta
872 3354 912 3455 fit
932 3353 1062 3450 glarea,
1083 3369 1141 3426 aut
1161 3371 1286 3429 cretam
1301 3356 1471 3431 sabulonis

508 3466 751 3562 conjunslione
770 3465 974 3552 resolutam,
993 3486 1050 3536 aut
1073 3464 1233 3562 pinguem
1252 3466 1472 3562 sabulonem,

509 3597 568 3651 aut
587 3596 717 3648 terram
732 3592 861 3646 naturae
881 3572 1042 3645 denfioris
1056 3576 1094 3645 δι
1106 3575 1261 3649 humidae.
1273 3578 1373 3651 Creta
1385 3578 1472 3676 ligu-

510 3689 536 3760 li
558 3686 704 3759 omnino
721 3683 929 3780 repudianda
949 3682 1018 3768 est,
1034 3684 1072 3754 δι
1091 3684 1276 3780 uliginosa,
1294 3690 1332 3760 δι
1350 3689 1385 3759 in
1407 3716 1474 3785 qua
1524 3778 1526 3782 v

495 3799 642 3892 ,semper
659 3796 783 3867 humor
804 3794 941 3884 assrstit‚
966 3796 1005 3865 &
1024 3792 1138 3865 sabulo
1161 3820 1299 3886 macer,
1314 3797 1362 3869 ’δι
1384 3802 1475 3872 nuda

513 3909 646 4006 glarea:
669 3906 825 4001 quamvis
846 3905 936 3977 enim
958 3903 1244 3998 comprehendat,
1257 3930 1329 3978 nou
1343 3931 1476 3979 conva·
1538 3955 1540 3959 ι

515 4020 617 4093 lescit.
637 4018 750 4089 Potest
776 4016 836 4088 seri
856 4016 970 4091 &ubi
996 4014 1133 4088 arbutus
1158 4036 1215 4087 aur
1239 4017 1307 4088 ilex
1333 4018 1475 4093 steterat.

515 4154 595 4200 nam
615 4151 727 4200 cerrus
747 4129 785 4197 δι
802 4126 939 4199 asculus
958 4124 1067 4197 excisa
1089 4125 1214 4199 radices
1230 4125 1350 4197 noxias
1371 4127 1477 4199 relin-

518 4239 594 4334 quit
605 4242 624 4325 ‚¹
635 4264 774 4334 quarum
799 4237 892 4309 virus
912 4236 1021 4308 oleam
1036 4253 1143 4309 necat.
1156 4236 1258 4309 Locis
1272 4235 1418 4311 aesluosrs
1430 4240 1479 4313 se·

520 4347 750 4445 ptemtrionali
764 4346 872 4429 colle;
886 4345 1037 4441 frigidis,
1053 4346 1239 4422 meridiano
1253 4346 1391 4443 gaudet:
1406 4375 1478 4425 me·

593 4458 723 4548 Scrivcc.
740 4459 782 4526 R.
800 4458 844 4528 R.
860 4457 1016 4547 Volsll.
1079 4493 1086 4511 ·
1301 4455 1333 4541 ¹l?
