3875 5759
583 930 652 1027 364
748 885 1374 1001 verrentium.

580 1087 684 1178 bare,
709 1085 765 1160 ilia
784 1082 856 1178 ejus
882 1083 1043 1164 inflantur
1064 1087 1102 1159 dc
1127 1085 1363 1159 obdurescunt.
1386 1110 1537 1182 quorum

579 1192 640 1266 isla
661 1192 787 1267 curatio
801 1190 857 1263 est.
871 1192 1012 1287 Sanguis
1026 1193 1067 1263 de
1081 1191 1229 1288 utrisque
1240 1190 1423 1264 femoribus
1440 1190 1537 1263 ernit·

579 1301 684 1388 titur,
700 1299 812 1396 polica
826 1296 947 1369 lorium
962 1318 1058 1386 vetus
1071 1302 1109 1373 δι
1122 1300 1295 1394 putridum
1311 1300 1346 1370 in
1368 1298 1445 1371 vase
1459 1299 1537 1394 sup·

579 1402 739 1501 ponitur,
760 1404 798 1476 &
825 1402 951 1499 lapides
974 1405 1119 1477 molares
1138 1405 1308 1478 ferventes
1331 1405 1537 1499 mittuntur,

455 1579 458 1590 .
578 1511 700 1585 animal
722 1512 805 1611 sagis
827 1510 1092 1608 diligentissime,
1113 1511 1214 1609 usque
1228 1514 1268 1584 ad
1294 1513 1538 1608 ungulas'ope·

577 1618 707 1709 riatur,
727 1641 764 1693 ut
787 1643 915 1715 vapore
936 1618 1013 1692 lotii
1028 1645 1127 1695 venae
1143 1620 1276 1693 testium
1300 1618 1438 1709 sudent,
1460 1617 1537 1716 post

575 1753 662 1825 aqua
684 1731 791 1802 calida
812 1729 1066 1818 confoventur,
1088 1730 1216 1803 nitrum
1240 1732 1278 1804 δι
1300 1732 1434 1802 alumen
1456 1729 1538 1803 scis·

575 1837 648 1911 sum
672 1840 799 1936 pariter
818 1858 974 1914 conteres
997 1840 1194 1938 diligenter,
1218 1841 1256 1913 δι
1279 1840 1432 1911 admixto
1453 1841 1539 1911 oleo

576 1948 675 2023 testes
692 1977 859 2050 perunges
871 1952 1038 2027 fricando.
1051 1952 1083 2025 si
1096 1938 1238 2024 molares
1252 1950 1268 2048 [
1280 1950 1404 2046 lapides
1417 1952 1540 2023 defue-

577 2078 680 2149 runt,
700 2061 949 2159 qualescunque
963 2060 1160 2151 calefacies,
1175 2062 1213 2134 dt
1228 2062 1337 2146 mittes
1351 2059 1386 2129 in
1400 2059 1539 2136 lotium.

394 2201 397 2211 =
490 2224 496 2252 ,
530 2269 533 2273 ¹
578 2168 654 2241 Alia
675 2169 838 2267 quoque]
861 2170 959 2261 hujus
981 2170 1028 2242 rei
1053 2170 1209 2266 proditur
1227 2170 1401 2242 medicina.
1421 2172 1537 2244 Lentis

576 2279 745 2350 heminam
768 2303 870 2359 unam
885 2278 1070 2374 decoquis,
1096 2278 1250 2351 admixto
1272 2278 1357 2349 vino
1372 2279 1536 2352 mortario

568 2400 685 2474 ¹teres,
700 2385 846 2484 cypressi
859 2384 941 2457 folia
956 2385 1065 2481 scrup.
1083 2400 1106 2476 l
1121 2386 1310 2459 mollissime
1323 2379 1447 2480 pariter
1460 2387 1535 2459 trita

576 2492 799 2592 commisces,
819 2493 1017 2567 tantundem
1041 2493 1140 2567 etiam
1164 2494 1268 2565 suillae
1288 2493 1396 2590 adipis
1417 2494 1536 2589 adjun-

577 2625 634 2699 ges
645 2601 865 2699 ,suinumque
888 2625 987 2677 vetus
1006 2602 1144 2698 desuper
1166 2603 1317 2701 sparges,
1333 2629 1451 2698 panno
1469 2605 1534 2676 illi·

578 2709 687 2782 nirum
705 2708 854 2784 testibus.
868 2735 1045 2808 apponas,
1063 2711 1174 2784 donec
1190 2711 1308 2783 sanitas
1323 2731 1535 2806 procuretur.

577 2819 613 2893 si
630 2820 764 2894 tardius
778 2822 913 2895 dabitur
932 2820 1071 2907 sanitas,
1084 2819 1181 2916 telles
1200 2820 1310 2893 subter
1323 2820 1450 2895 llillatis
1462 2849 1536 2898 cau-

578 2930 671 3003 teriis
689 2931 802 3020 urito,
819 2932 876 3003 vel
898 2931 1019 3004 leviter
1039 2930 1254 3005 scarifica'to:
1291 2931 1297 2939 ’

626 3040 715 3111 Vlll.
730 3038 859 3135 [Quod
874 3040 895 3111 fi
908 3041 1006 3113 testes
1017 3039 1240 3139 tumebunt,]
1261 3040 1426 3113 hordeum
1442 3053 1537 3120 corni¹

577 3147 715 3235 burito,
736 3151 958 3248 pulveresque
984 3175 1024 3224 ex
1043 3176 1086 3224 eo
1105 3152 1213 3243 trito,
1234 3152 1335 3223 suillae
1356 3152 1445 3243 adipi
1471 3155 1538 3225 mi·

579 3254 691 3345 sceto,
711 3283 754 3330 ex
775 3282 845 3354 quo
858 3260 1105 3335 medicamento
1125 3285 1222 3333 mane
1237 3251 1273 3333 dc
1288 3258 1421 3352 vespere
1437 3262 1538 3334 telles

579 3361 717 3464 illinito.
729 3366 907 3465 Pbyficum
926 3390 1038 3443 autem
1053 3371 1199 3444 creditur
1208 3423 1220 3457 ,
1233 3364 1536 3448 testes'animalium

578 3472 715 3546 ablutos
731 3476 854 3551 canino
875 3476 951 3550 felle
973 3478 1090 3555 sanari.
1113 3471 1181 3551 Alii
1204 3477 1352 3550 auctores
1371 3500 1456 3573 aqua
1481 3503 1538 3551 ca·

577 3581 647 3654 lida
667 3584 783 3673 testes,
802 3611 880 3660 curn
901 3588 1038 3674 dolent,
1055 3590 1226 3661 fovendos
1245 3585 1316 3659 ¹else
1341 3586 1537 3679 duxerunt,

579 3690 842 3790 suffumigandos
861 3696 957 3769 etiarn
979 3697 1145 3792 viridibus
1165 3693 1258 3767 foliis
1279 3693 1443 3793 cypressi,
1460 3719 1537 3790 quae

580 3803 682 3872 arbor
698 3800 881 3897 specialiter
896 3804 1021 3878 mederi
1034 3803 1172 3877 testibus
1184 3803 1344 3892 creditur.
1360 3802 1424 3875 Sed
1438 3801 1462 3873 st
1476 3804 1537 3875 de-

579 3906 700 3997 fuerit,
722 3908 819 3981 tellas
841 3913 994 3985 ardentes
1015 3910 1235 3984 nihilominus
1257 3910 1292 3981 in
1318 3936 1406 4006 aqua
1430 3910 1538 3984 calida

579 4016 691 4105 mitti,
712 4019 749 4090 &
772 4017 851 4091 inde
876 4019 1101 4119 suffumigari,
1125 4018 1200 4115 poll
1230 4037 1336 4093 cretas
1368 4020 1537 4095 Cimolias

581 4151 657 4198 cunr
679 4124 823 4200 stercore
841 4128 1008 4202 bubulino
1025 4153 1066 4201 ex
1088 4150 1186 4202 aceto
1205 4127 1371 4203 acerrimo
1392 4131 1538 4202 calentes

566 4232 714 4322 induci,
730 4237 767 4308 dc
782 4236 936 4335 quotidie
949 4237 1123 4342 reuocari,
1137 4227 1310 4337 quousque
1323 4236 1444 4312 sanitas
1458 4238 1538 4320 subs

583 4340 743 4438 sequatur.
853 4401 857 4414 .
984 4352 991 4362 ”
