3875 5759
509 884 579 978 ηε
693 880 1272 957 vaccaritias.

506 1061 641 1115 amatre
655 1038 795 1134 depulsis
811 1037 1003 1134 plerumque
1013 1035 1195 1148 perniciem
1208 1033 1387 1117 consuevit
1400 1034 1458 1108 imi

507 1149 604 1224 ferre.
625 1150 725 1223 Hunc
750 1147 923 1248 diligenter
943 1171 1057 1222 curare
1070 1148 1265 1243 cupientes,
1285 1172 1356 1226 non
1378 1165 1460 1219 ante

506 1256 632 1330 deforis
655 1255 770 1353 aliquo
794 1256 1039 1356 medicamento
1070 1257 1192 1332 sovere
1221 1258 1462 1360 contendunt,

506 1367 568 1440 nili
583 1364 690 1462 prius,
703 1364 902 1462 potionibus
912 1365 1016 1454 datis,
1029 1365 1129 1463 pestis
1140 1367 1292 1443 elevetur
1304 1365 1462 1440 interior.

505 1477 592 1547 Nam
610 1473 812 1548 extrinsecus
831 1496 927 1571 cepta
951 1476 1193 1552 medicamenta
1213 1477 1369 1549 morbum
1384 1500 1460 1547 non

505 1582 679 1666 eximunt,
699 1581 755 1654 sed
775 1582 816 1655 ad
835 1581 999 1657 interiora
1018 1582 1251 1680 compellunt,
1271 1588 1308 1657 δι
1322 1584 1383 1655 bac
1400 1608 1460 1654 ra··¹

505 1689 599 1764 tione
620 1690 805 1790 periculum
823 1709 991 1789 generant.
1007 1696 1047 1767 In
1060 1692 1278 1781 animalibus,
1291 1690 1459 1786 ejusmodi

505 1799 628 1871 morbo
644 1798 892 1890 laborantibus,
902 1799 1066 1899 generalia
1082 1799 1142 1874 isla
1156 1800 1232 1874 sunt
1247 1789 1331 1876 vitia
1344 1827 1352 1872 :
1365 1799 1464 1872 tuffis.

505 1906 616 2004 aspera
634 1909 671 1981 ὅ(
687 1910 802 1981 crebra
824 1905 985 2004 suspiria,
1009 1906 1104 2005 spina
1126 1910 1294 1996 contrada
1314 1911 1351 1982 δι
1373 1907 1459 2004 rigi·

505 2014 567 2105 da,
580 2016 701 2088 macies
717 2015 843 2111 semper
859 2017 1071 2106 increscens,
1090 2042 1168 2091 curn
1182 2017 1322 2091 studium
1336 2020 1373 2090 δι
1393 2016 1460 2088 ali·
1478 2051 1482 2056 ·

504 2144 615 2197 menta
639 2148 711 2195 non
734 2124 907 2211 desinant,
931 2125 1099 2200 demiffior
1122 2126 1266 2213 ceruix,
1292 2126 1463 2222 stupentes

504 2229 758 2319 oculi,tardior
775 2231 926 2308 incestus
941 2236 1041 2307 Nunc
1055 2234 1155 2334 fignis
1177 2235 1335 2314 omnibus
1356 2258 1460 2331 geue.-

505 2339 618 2412 raliter
637 2338 909 2439 singulariterque
929 2341 1077 2439 digestis,
1090 2342 1293 2440 singulorum
1314 2343 1470 2413 morbo--

504 2472 579 2518 rum
599 2443 754 2541 speciales
772 2447 991 2547 propriasque
1008 2472 1104 2523 curas
1116 2465 1254 2544 oportet
1267 2447 1463 2548 adjungere,

502 2554 580 2628 Post
591 2554 663 2629 haec
678 2546 718 2627 de
729 2557 875 2654 generali
889 2555 1077 2630 urinutione
1087 2555 1307 2654 singulorum,
1324 2559 1362 2633 δι
1374 2560 1459 2633 adu·

502 2662 610 2738 stione
629 2665 777 2753 docens,
792 2659 994 2740 concludam
1013 2665 1136 2740 librum
1147 2665 1303 2761 primum.

533 2780 535 2786 ’
550 2775 597 2847 X.
618 2776 759 2848 Malleus
773 2775 912 2849 morbus
930 2774 954 2847 si
973 2775 1130 2852 humidus.
1141 2774 1268 2867 suerit,
1279 2776 1328 2853 ita
1339 2796 1378 2853 ut
1395 2799 1461 2875 pet·

503 2903 681 2984 utramque
699 2912 815 2961 narem
827 2887 953 2966 virides
967 2885 1113 2962 defluant
1133 2888 1239 2977 muci,
1256 2889 1344 2962 inter
1356 2916 1459 2984 eaor·

393 3022 396 3029 ·
434 3094 437 3101 ¹
475 3034 477 3038 Α
502 2997 556 3070 dia
577 3016 677 3093 caput
702 2998 773 3092 ejus
798 2997 946 3072 adhibita
973 2999 1149 3073 curatione
1172 3000 1384 3099 purgandum
1407 3000 1459 3075 est

502 3105 570 3179 ita:
592 3108 671 3181 Olei
685 3108 806 3205 optimi
818 3107 934 3180 uncias
952 3131 969 3202 3
985 3161 996 3198 ,
1010 3108 1201 3205 liquaminis
1214 3110 1307 3208 floris
1321 3111 1461 3185 unciam

509 3242 522 3290 1
538 3268 549 3304 ,
566 3215 641 3290 vini
655 3217 778 3293 veteris
793 3216 939 3320 cyathos
960 3244 998 3314 3,
1012 3216 1130 3290 sereno
1143 3217 1392 3316 tranquilloque
1402 3220 1461 3293 die

461 3405 463 3416 ¹
503 3326 623 3421 pariter
640 3328 855 3416 commisces,
868 3319 909 3400 δι
926 3351 1004 3422 cum
1022 3321 1237 3430 tepefeceris,
1251 3328 1406 3401 infundes
1418 3330 1459 3404 iu

427 3452 429 3457 ’
501 3439 649 3514 naribus.
667 3460 767 3534 caput
779 3435 934 3535 religabis
945 3437 986 3508 ad
997 3428 1117 3535 pedes,
1129 3436 1314 3537 sensimque
1324 3439 1456 3534 jumen·

501 3563 573 3617 tum
591 3548 787 3642 impeditum
809 3546 993 3643 compelles
1010 3547 1188 3634 incedere,
1206 3566 1244 3619 ut
1264 3549 1374 3622 omnis
1389 3550 1455 3622 hu-

475 3658 482 3673 ‘
502 3677 579 3726 mor
595 3675 736 3728 emanet.
753 3656 823 3753 (ad
841 3656 1017 3752 siphonem
1034 3675 1143 3746 autern
1160 3656 1318 3751 paulatim
1334 3656 1455 3730 insuu-

501 3768 565 3841 des.
580 3770 651 3835 non
666 3763 763 3837 semel
782 3791 800 3835 a
822 3763 967 3862 cornu.)
989 3763 1095 3857 Quod
1114 3762 1137 3844 fi
1157 3764 1287 3862 sanguis
1302 3765 1459 3864 polluto·

502 3878 581 3948 dunt
601 3871 745 3968 coeperit
765 3870 893 3961 fluere,
921 3869 1005 3963 nihil
1023 3868 1235 3961 timendum,
1260 3873 1312 3945 sed
1335 3871 1455 3965 potius

428 4005 430 4010 ’
502 3984 671 4060 sciendum
684 3979 729 4054 est
739 4034 751 4069 ,
763 3979 885 4054 animal
902 3979 1048 4078 legitime
1061 3979 1154 4055 fuisse
1168 3998 1354 4078 purgatum.
1371 3981 1455 4057 Post

501 4090 595 4187 quod
608 4087 721 4162 sevum
737 4087 910 4183 caprinum
926 4085 1106 4160 resolutum
1127 4088 1208 4161 oleo
1221 4084 1387 4158 miscebis:
1405 4088 1454 4163 stc

502 4198 616 4273 infulis
631 4196 764 4270 naribus
787 4194 1046 4269 exulcerationis
1066 4196 1154 4270 illius
1175 4193 1341 4293 mitigatur
1354 4197 1454 4292 aspe-

475 4292 495 4304 ⁶
504 4308 591 4382 ritas.
615 4306 776 4387 Radicem
789 4328 925 4403 quoque
945 4301 1053 4379 laseris
1070 4304 1216 4400 tonsam,
1229 4304 1266 4380 δι
1281 4330 1340 4405 per
1355 4303 1453 4379 sistu-
