3875 5759
684 789 698 834 h

498 901 573 993 v40⁶
669 893 1292 974 VEGET11LIB.111.

501 1081 585 1158 gore
599 1055 761 1130 interiora
780 1053 963 1138 vitiantur,
977 1054 1014 1126 ἃ
1034 1045 1161 1137 sariunt
1176 1051 1321 1125 tussiens.
1337 1048 1464 1146 [Unde

503 1164 592 1237 vulfi
603 1164 834 1261 appellantur]
849 1163 931 1234 Sive
946 1161 1102 1259 igiturex
1118 1160 1214 1256 supra
1229 1158 1377 1255 scriptis,
1390 1159 1466 1232 sive

504 1294 547 1344 ex
572 1271 645 1350 asiis
665 1271 769 1346 causis
796 1269 1015 1342 interioribus
1040 1287 1114 1341 nata
1141 1267 1266 1340 siierint
1294 1269 1467 1357 vulnera,

505 1381 631 1453 etiams
650 1380 725 1476 poss
747 1379 917 1452 sanitatem
938 1379 1095 1451 duxerint
1112 1378 1307 1466 cicatrices,
1321 1376 1467 1450 strictius

506 1508 620 1562 tamen
640 1489 873 1561 contrahendo
896 1485 927 1558 se
952 1489 990 1561 δι
1014 1485 1222 1582 asperitatem
1246 1486 1403 1574 faciunt,
1428 1487 1469 1569 dc

508 1595 630 1690 assidua
651 1594 846 1668 titillatione
867 1613 1062 1690 perpetuam
1076 1594 1224 1667 excitarit
1245 1594 1363 1667 tussim.
1378 1595 1472 1685 Quae

510 1705 618 1778 causac
632 1702 801 1777 lenissimis
814 1703 1065 1779 medicamentis
1078 1703 1233 1799 adjuvari
1247 1705 1303 1777 ves
1316 1700 1473 1800 suspendi

510 1813 723 1909 aliquatenus
739 1817 905 1911 possunt,
927 1815 1093 1911 persanari
1119 1815 1264 1889 omnino
1291 1839 1364 1888 non
1389 1813 1474 1911 pos·

513 1919 601 1999 sunt.
620 1922 709 1998 Hinc
729 1924 802 2013 est,
823 1925 919 2023 quod
937 1924 973 2012 in
1002 1924 1104 1997 herba
1127 1921 1230 2008 viridi
1256 1922 1314 1994 vel
1342 1921 1477 2018 pascuis

513 2031 693 2109 vassorum
718 2034 800 2110 vitia
823 2035 986 2110 celantur.
1011 2030 1193 2132 Sed-omni
1219 2050 1373 2127 tempore
1400 2031 1479 2103 haec·

429 2145 432 2152 ’
518 2141 726 2238 compositio
746 2141 793 2213 ess
810 2142 955 2215 salutaris
972 2167 981 2212 r
1004 2139 1204 2238 Foenigrteci
1220 2138 1412 2227 heminam,
1426 2137 1480 2208 sc·

518 2248 620 2321 minis
642 2248 702 2320 lini
722 2249 914 2340 heminam,
931 2247 1073 2346 traganti
1097 2250 1229 2324 unciam
1251 2272 1373 2336 uriam,
1394 2246 1485 2321 turis

518 2353 658 2431 masculi
671 2355 803 2435 unciam
817 2383 939 2448 unani,
953 2359 1103 2456 myrrhae
1117 2357 1251 2432 unciam
1264 2382 1390 2443 unam,
1405 2355 1484 2452 suc-

520 2463 613 2556 cati,
634 2466 711 2539 ervi
733 2467 871 2563 pollinis
887 2492 949 2541 ana
968 2466 1102 2540 unciam
1126 2486 1227 2539 unam
1247 2459 1341 2539 tunsa
1360 2468 1400 2541 ,δε
1415 2465 1485 2539 rri-

523 2573 619 2651 brata
639 2575 676 2650 in
701 2578 807 2654 calida
835 2566 942 2660 insula
966 2597 1208 2675 permaneant,
1230 2579 1334 2675 altera
1359 2578 1416 2651 die
1439 2603 1485 2657 ex,

524 2710 614 2785 aqua
627 2690 737 2788 tepida
749 2690 889 2791 sngulas
901 2691 1036 2791 cotysas
1055 2690 1149 2771 dabis
1159 2691 1201 2764 ad
1214 2689 1338 2781 cornu,
1354 2691 1489 2789 cyatho

526 2795 598 2870 olei
626 2799 727 2874 rosati
749 2802 941 2898 permixto,
967 2827 1027 2897 per
1050 2802 1215 2899 plurimos
1241 2801 1320 2875 dies.
1347 2802 1400 2872 Ex
1421 2826 1489 2897 qua

528 2908 781 3002 compositione
794 2937 911 2985 recens
928 2910 1023 2985 causa
1044 2912 1229 2997 sanabitur3
1250 2929 1347 2983 vetus
1367 2910 1491 3002 sentiet

529 3012 774 3092 levamentum.
797 3022 850 3091 Ad
873 3045 950 3116 quae
973 3021 1056 3095 vitia
1081 3046 1250 3118 nunquam
1278 3020 1409 3092 dederis
1432 3046 1492 3092 au-

532 3118 705 3194 steriorem
727 3126 926 3217 potionem,
946 3152 990 3198 rie
1010 3129 1236 3222 exasperet&
1260 3129 1414 3201 decidat:
1437 3129 1495 3203 sed

457 3287 459 3291 .
532 3228 643 3303 lenem
659 3236 695 3307 δι
709 3234 910 3331 simplicem,
928 3237 1271 3335 &refrigeratoriam
1289 3241 1496 3314 carendum

535 3334 637 3434 etiam
658 3340 728 3430 ess,
751 3367 792 3415 ne
814 3344 850 3415 in
870 3345 929 3417 tali
953 3344 1102 3441 passione
1126 3372 1275 3445 unquam
1298 3348 1498 3446 sanguinem

537 3443 700 3525 detrahas.
715 3451 870 3549 Plerique
890 3473 1069 3529 tracanton
1083 3481 1123 3529 ex
1137 3454 1218 3528 oleo
1237 3457 1356 3529 dedere
1370 3480 1431 3551 per
1446 3455 1499 3527 bi·

538 3556 666 3649 duum,
688 3563 789 3636 tertio
807 3564 862 3638 die
881 3565 1041 3641 decoslos
1062 3554 1228 3664 raphanos
1252 3587 1351 3663 atque
1370 3585 1501 3641 contu-

538 3667 595 3745 sos
617 3672 842 3767 propinarunt
863 3702 939 3751 curn
961 3677 1070 3767 vino,
1086 3678 1367 3776 refrigeratorium
1383 3677 1502 3773 pastis·
1609 3765 1612 3772 Ι

540 3777 612 3852 sum
633 3780 789 3856 addentes
803 3782 838 3856 in
858 3787 979 3863 aestate.
996 3788 1050 3860 Ad
1067 3788 1176 3859 tussim
1190 3786 1330 3859 diversae
1344 3786 1421 3858 sunt
1434 3812 1504 3883 po-

542 3887 682 3978 tiones,
705 3916 788 3987 quas
808 3896 944 3991 proprie
970 3921 1089 3971 omnes
1116 3896 1258 3972 inserere
1281 3895 1507 3970 necessarium

544 3998 723 4092 duximus,
742 4024 780 4084 ut¹
799 4031 862 4103 pro
878 4009 1035 4105 qualitate
1048 4009 1255 4104 passionum,
1269 4005 1434 4079 medentis
1448 4034 1509 4081 ara

544 4110 652 4186 bitrio
677 4115 820 4188 remedia
843 4119 1117 4190 commodentur.
1144 4117 1270 4202 Farinae
1295 4113 1378 4185 sabae
1406 4114 1511 4189 srixae

546 4218 709 4295 sextarios
729 4224 815 4296 duos
832 4224 982 4301 infundis
996 4227 1031 4298 in
1054 4225 1133 4322 passi
1152 4222 1301 4299 sextariis
1323 4223 1455 4314 tribus,
1470 4229 1513 4303 da

548 4323 764 4414 inmortatio
782 4333 960 4416 diutissime
976 4336 1140 4411 conteres.
1160 4331 1283 4433 piperis
1307 4330 1379 4405 triti
1402 4358 1513 4431 grana
