3875 5759
651 903 753 973 ΗΒ.
803 903 870 973 VI.
919 897 1175 972 MAJUS.
1337 928 1401 994 141

436 1060 580 1161 angustis
593 1062 719 1159 regulis
730 1059 889 1160 stagneis,
903 1060 989 1135 ficut
1000 1059 1210 1156 forcipibus,
1223 1057 1314 1156 ipsos
1326 1086 1408 1137 ner·
1473 1145 1476 1150 ,

438 1195 505 1244 vos
517 1172 795 1267 apprehendunt,
809 1173 870 1269 qui
887 1174 1010 1245 Graece
1027 1163 1409 1269 apamaiptcdicuutur.
1410 1149 1436 1181 x.

439 1281 501 1355 His
521 1281 771 1376 comprehensis
796 1300 912 1355 tentos
930 1280 1102 1354 testiculos
1121 1277 1214 1355 serto
1237 1273 1408 1372 resecant,

437 1389 537 1462 &ita
561 1388 734 1480 recidunt,
745 1408 782 1472 ut
806 1390 934 1487 aliquid
957 1389 998 1462 de
1019 1388 1071 1461 his
1093 1389 1260 1504 capitibus
1274 1417 1408 1466 nervo·

437 1523 515 1570 ιιιιιι
539 1499 676 1572 suorum
692 1499 879 1576 dimittatur
900 1503 1039 1575 haerete.
1063 1502 1261 1596 quaeres&
1277 1501 1409 1602 magui·

436 1603 491 1676 nis
508 1603 716 1681 nimietatem
736 1609 915 1707 prohibet,
930 1611 969 1684 δι
982 1633 1055 1681 non
1071 1610 1217 1682 omnino
1237 1608 1407 1704 juvencos
1456 1697 1469 1710 ἢ

437 1713 603 1788 subdudlo
630 1719 756 1793 robore
776 1719 951 1794 virilitatis
975 1717 1157 1792 effeminat
1185 1720 1259 1791 Nec
1281 1719 1406 1795 admit·

438 1825 577 1899 tendum
597 1826 661 1917 esl,
672 1831 770 1926 quod
782 1828 937 1925 plerique
950 1827 1099 1916 faciunt,
1111 1847 1151 1898 ut
1169 1826 1276 1897 flatim
1290 1829 1408 1901 casira·

374 1991 378 2000 .
430 1951 492 2007 tos
511 1936 607 2009 coire
622 1938 843 2033 compellant.
865 1960 943 2007 nam
962 1956 1093 2006 certum
1114 1934 1161 2005 est
1182 1936 1225 2006 ab
1246 1933 1295 2006 eis
1308 1941 1410 2033 ge'ne·

438 2045 526 2131 rari,
540 2047 597 2120 sed
610 2047 700 2143 ipsos
714 2047 813 2120 fluxu
828 2042 1000 2142 sanguinis
1012 2042 1161 2117 interire.
1185 2044 1336 2118 Vulnera
1349 2071 1410 2123 ve·

424 2171 481 2228 'ro
502 2155 740 2228 castraturae
711 2180 825 2230 cinere
845 2153 1091 2229 sarmentorum
1104 2156 1145 2231 &
1166 2155 1281 2253 spuma
1297 2157 1410 2233 linen-

438 2286 495 2336 rur
514 2265 655 2363 argenti.
680 2266 850 2341 castratus
875 2266 1079 2340 abstineatur
1099 2292 1119 2341 a
1141 2286 1249 2365 potu,
1268 2269 1410 2344 &cibis

438 2361 592 2470 pascatur
613 2375 763 2475 exiguis,
773 2382 812 2454 &
834 2377 990 2477 sequenti
1013 2378 1128 2451 triduo
1149 2379 1409 2476 praebeantur
1376 2406 1410 2455 er

437 2498 563 2556 tenerae
574 2485 736 2559 arborum
756 2487 983 2577 summitates,
998 2490 1037 2561 δι
1060 2487 1202 2561 frutecta
1218 2489 1355 2579 mollia,
1370 2492 1410 2562 δι
1489 2511 1494 2530 ·
1598 2471 1610 2484 ⁶

398 2667 406 2683 ‚
438 2595 551 2667 herbae
566 2595 686 2682 viridis
706 2622 805 2671 coma
817 2599 974 2680 dulciore
992 2596 1211 2692 saginaroris
1227 2619 1287 2671 aut
1298 2599 1413 2672 flumi-

440 2701 502 2772 nis.
522 2703 600 2776 Pice
615 2704 717 2775 etiam
729 2704 859 2799 liquida
869 2704 983 2773 mixto
996 2702 1110 2771 cinere
1124 2704 1162 2771 dt
1174 2701 1315 2773 modico
1327 2702 1412 2774 oleo
1440 2787 1446 2802 Ι

440 2812 518 2907 post
531 2813 683 2883 triduum
704 2812 844 2902 vulnera
857 2809 1037 2905 diligenter
1053 2808 1231 2903 unguenda
1244 2807 1332 2881 sunt.
1346 2811 1413 2883 Sed

442 2920 565 2991 melius
578 2944 683 3015 genus
697 2918 907 2991 caslrationis
922 2917 1063 3017 sequens
1074 2917 1151 2989 usus
1163 2915 1310 2993 invenit.
1323 2919 1413 2990 Allia

442 3049 524 3126 gato
545 3029 635 3103 enirn
659 3029 814 3123 juvenco
838 3049 939 3127 atque
966 3024 1118 3121 dejedo,
1140 3025 1280 3100 testiculi
1304 3026 1412 3104 tritta

339 3179 343 3190 ·
442 3139 534 3237 pelle
547 3140 748 3213 clauduntur
756 3160 884 3237 ,atque
900 3138 948 3212 thr
961 3138 1073 3242 hgnea
1086 3135 1202 3233 regula
1214 3157 1414 3234 premente,

442 3249 681 3322 deciduntur
671 3250 787 3348 ignitis
817 3249 1014 3337 securibus,
1038 3247 1097 3320 vel
1129 3237 1298 3336 dolabris,
1327 3249 1412 3339 vel,
1434 3241 1438 3258 ⁵
1487 3235 1490 3246 ¹

443 3360 538 3454 quod
560 3359 607 3431 est
628 3358 768 3447 melius,
788 3359 937 3431 formato
961 3358 1005 3429 ad
1028 3357 1097 3428 hoc
1123 3355 1352 3444 ferramento,
1372 3374 1411 3428 ut

442 3470 542 3566 gladii
555 3470 802 3543 similitudinem
820 3488 942 3543 teneat.
962 3473 1011 3540 lta
1031 3467 1123 3540 enim
1138 3467 1228 3540 circa
1239 3466 1341 3563 ipsam
1357 3490 1411 3537 re·

335 3577 340 3598 ³
444 3580 555 3677 gulam
571 3578 651 3650 serri
670 3578 758 3651 acies
777 3576 925 3651 ardentis
944 3575 1325 3673 imprimitur,unoque
1340 3574 1411 3648 idn

346 3681 349 3687 ¹
445 3694 482 3763 dt
502 3713 633 3761 moram
650 3687 781 3762 doloris
799 3684 967 3760 beneficio
988 3684 1168 3759 celeritatis
1187 3686 1350 3768 absumit,
1373 3687 1411 3756 dc

445 3799 525 3873 ustis
551 3798 649 3878 venis¹
674 3825 713 3900 ac
738 3799 882 3894 pellibus
909 3826 928 3871 a
951 3796 1050 3868 fluxu
1074 3794 1245 3891 sanguinis
1269 3793 1411 3882 stridis,

445 3910 572 4008 plagam
585 3908 728 3983 cicatrix
741 3908 999 4005 quodammodo
1013 3930 1089 3981 cunr
1104 3904 1180 4003 ipso
1194 3903 1334 3979 vulnere
1349 3928 1409 3974 na·
1517 3989 1521 3998 Ι

446 4037 481 4090 ta
501 4017 661 4091 defendit.

495 4130 582 4203 Vlll.
606 4127 709 4201 Locis
737 4126 928 4221 temperatis
952 4147 1046 4196 nunc
1067 4122 1186 4199 ovium
1213 4119 1410 4196 celebranda

449 4236 587 4311 tonsura
605 4240 662 4312 etl.
678 4238 742 4310 Sed
762 4237 875 4310 tonsas
895 4259 982 4310 oves
1001 4235 1070 4308 hoc
1092 4232 1242 4329 unguine
1263 4228 1409 4301 medice·
1435 4323 1439 4330 ι

451 4371 534 4426 mus.
549 4351 690 4427 Succum
710 4350 843 4425 decolli
856 4346 987 4447 lupini,
1004 4344 1106 4422 sactes
1127 4342 1199 4422 vini
1220 4333 1413 4432 vereris,'&
