3875 5759
602 942 738 1014 nuris
763 887 1103 1013 vereretu'srva
1129 937 1330 1015 uturum·
1374 965 1440 1037 ης
1534 947 1536 952 ·

483 1100 576 1177 scere
595 1099 700 1186 solet,
723 1099 746 1171 sr
765 1097 918 1173 celeriter
934 1096 1036 1193 supra
1057 1098 1157 1172 dietas
1179 1100 1220 1187 ὃ(
1241 1099 1363 1174 calidas
1386 1108 1444 1175 acss
1473 1191 1476 1198 Ι

483 1210 613 1306 ceperit
627 1208 806 1305 potiones,
820 1206 1064 1303 diligenterque
1082 1230 1124 1279 ex
1139 1207 1249 1280 calido
1269 1230 1446 1307 unguento

483 1318 833 1417 suerit'perfricatum.
846 1316 881 1389 si
897 1307 1027 1389 moram
1042 1315 1228 1391 curationis
1247 1343 1319 1391 non
1334 1322 1447 1393 abslu·

483 1430 586 1528 ieris,
602 1426 737 1502 difficile
753 1426 882 1502 evadet.
899 1451 976 1514 nam
996 1450 1038 1498 cx
1052 1425 1115 1499 bac
1137 1413 1287 1524 paffio'tie
1303 1431 1448 1506 chorda·
1490 1490 1494 1500 .

486 1540 564 1638 psus
585 1537 659 1610 fieri
681 1533 883 1611 consuevit·
994 1568 996 1572 ¹

490 1650 495 1658 '
536 1651 574 1721 L.
596 1646 631 1719 Si
655 1670 789 1718 manum
810 1643 964 1742 miseris,
987 1643 1194 1718 &similiter
1221 1646 1450 1745 longanonem

487 1775 603 1854 patere
631 1753 700 1827 sine
720 1753 788 1826 ulla
812 1753 992 1826 inflatione
1014 1753 1205 1849 repereris,
1229 1757 1265 1829 dl
1287 1746 1359 1830 non
1381 1760 1451 1835 fre·

488 1882 630 1961 quenter
643 1864 855 1937 volutantem
868 1862 921 1947 se,
935 1861 991 1931 sed
1005 1859 1254 1955 projicientem,
1264 1862 1403 1940 subinde
1417 1871 1453 1942 in

487 1978 662 2049 dextetam
682 1993 834 2071 partem,
853 1973 893 2045 δι
914 1971 1020 2067 φιᾱίι,
1034 1973 1265 2049 extensionem
1285 1979 1455 2056 interdurn

490 2084 533 2159 ad
554 2105 723 2157 conamen
745 2077 964 2166 mindioni‘s,
987 2078 1141 2155 invenies
1162 2083 1320 2160 duritiem
1344 2090 1380 2162 itt
1405 2089 1456 2163 in·

490 2194 621 2269 testinis
649 2191 821 2297 ingentem
843 2189 1030 2263 cucurbitae
1052 2191 1212 2287 similem,
1231 2197 1313 2274 scias
1334 2202 1458 2277 animal
1547 2241 1550 2247 ·

492 2305 563 2379 coli
584 2302 705 2374 dolore
718 2299 832 2373 vexari
847 2304 907 2375 r&
920 2321 1049 2398 quanto
1068 2304 1183 2377 durhts
1196 2306 1387 2384 intestinum
1402 2316 1457 2387 in·
1494 2391 1497 2397 Α

492 2413 646 2502 veneris,
660 2430 757 2509 tanto
770 2413 922 2509 pluribus
934 2412 1053 2487 diebus
1071 2416 1193 2506 dolore
1211 2415 1390 2496 cruciatur.
1406 2429 1457 2496 Ex

491 2553 561 2627 qua
584 2524 679 2600 causa
698 2549 776 2597 raro
791 2523 1024 2618 periclitantur
1036 2576 1048 2613 ,
1062 2525 1099 2596 δι
1114 2525 1233 2598 dolent
1256 2528 1385 2615 biduo,
1402 2534 1460 2603 vel
1545 2524 1548 2529 ’

475 2638 632 2725 .‹triduo,
646 2634 704 2708 vel
724 2633 747 2704 si
766 2635 909 2705 nimium
923 2631 1078 2725 quinque
1101 2631 1230 2704 diebus.
1249 2637 1312 2705 Sed
1327 2660 1460 2731 quanto

492 2746 669 2845 inveneris
685 2743 881 2815 molliorem
903 2738 1169 2833 ipsumlocum,
1185 2759 1281 2815 tanto
1302 2748 1461 2822 velocius

495 2855 704 2952 mitigabitur
724 2850 933 2921 dolor.·nam
956 2846 1107 2942 quaedam
1129 2847 1274 2923 stercora
1289 2853 1323 2938 in
1340 2845 1462 2955 lor'r'ga.

496 2989 591 3042 none
609 2959 765 3055 reperies,
786 2960 825 3030 δι
845 2956 908 3029 erit
928 2954 1065 3029 salubris
1087 2958 1237 3058 curatio,
1252 2960 1275 3033 si
1290 2964 1366 3059 post
1382 2972 1462 3068 ely.

498 3081 618 3153 slerem
648 3072 704 3146 vel
730 3069 908 3166 potionem
932 3064 1078 3139 multum·
1103 3067 1259 3146 stercoris
1287 3078 1463 3156 adsellams

459 3279 462 3285 Ι
499 3187 653 3275 ediderit.
673 3209 744 3282 quo
765 3184 871 3266 sado,
887 3180 992 3253 llatiru
1010 3180 1225 3273 intestinum,
1240 3191 1365 3283 quoda
1378 3197 1463 3269 colo

500 3303 694 3377 induratum
709 3295 818 3369 fuerat
828 3349 840 3386 ,
851 3290 889 3369 δι
908 3292 1079 3379 tumebat,
1093 3319 1165 3369 non
1175 3300 1370 3394 apparebit,
1384 3307 1461 3380 red·
1484 3301 1486 3308 ’

500 3413 569 3487 dita
593 3407 740 3479 sanitate.
1316 3458 1320 3466 .
1433 3433 1438 3442 ·

552 3523 604 3591 Ll.
627 3518 661 3588 Si
686 3511 834 3609 [vesica]
853 3507 1021 3582 currendo
1042 3506 1144 3582 fuerit
1164 3509 1322 3607 inversa,
1348 3520 1464 3600 similis

501 3626 689 3705 dolor-stne
708 3622 885 3702 inflatione
907 3643 949 3692 ex
971 3617 1086 3691 cursus
1100 3617 1221 3715 injuria
1241 3629 1464 3709 &nimietate

503 3742 700 3836 frequenter
712 3733 863 3830 emergit.
880 3730 969 3804 Huic
983 3753 1119 3802 manum
1133 3729 1286 3826 subjicies
1299 3739 1333 3811 in
1348 3768 1464 3833 anum,

505 3857 544 3927 δι
564 3847 730 3944 deprimes
748 3842 910 3941 usquead
928 3858 1098 3914 veretrum
1119 3844 1261 3933 versus,
1281 3847 1339 3918 ubi
1365 3851 1465 3925 inve·

423 3986 439 4001 ‘
505 3961 579 4033 nies
603 3958 745 4031 vesicam
762 3951 834 4044 ejus
853 3949 941 4024 lotio
958 3951 1110 4046 plenam,
1124 3976 1225 4048 quam
1246 3980 1265 4026 a
1285 3950 1404 4032 deritra
1429 3965 1467 4040 δι

507 4070 636 4143 smillta
652 4084 745 4163 parte
765 4059 885 4133 leniter
901 4060 1039 4135 adducis
1053 4058 1178 4134 sursum
1199 4064 1241 4134 ad
1258 4090 1358 4137 anum
1383 4094 1466 4154 ver.

509 4182 565 4254 sus
595 4176 702 4275 [cum
727 4170 859 4268 oleo,]
882 4173 920 4244 bc
952 4168 1171 4250 mindioriem
1197 4195 1370 4267 provocas
1396 4197 1464 4255 tarn

511 4291 594 4375 diu,
613 4287 724 4376 donec
737 4281 868 4353 urinam
889 4280 1008 4353 saciat:
1029 4277 1226 4355 liberabitur
1238 4281 1411 4382 pericuIO,
1425 4289 1466 4367 de

509 4423 584 4498 quo
607 4390 765 4471 animalia
782 4389 918 4466 difficile
936 4388 1096 4468 evadunt.
1203 4501 1226 4573 s

828 4507 837 4542 ⁸
1254 4523 1275 4573 2
