3875 5759
558 895 631 969 φο
731 873 1365 954 veeurttxtutm

557 1034 653 1110 boris
662 1088 674 1122 ,
687 1059 784 1131 quar,
798 1031 966 1105 radicibus
975 1056 1018 1103 ex
1031 1028 1152 1125 majori
1166 1051 1257 1127 parte
1269 1030 1425 1127 praecisis,
1441 1056 1525 1105 cunt

557 1169 578 1216 a
599 1141 751 1239 parvulis
770 1141 976 1239 aliquamdiu
1003 1140 1180 1212 sustentata
1206 1140 1396 1234 portaverit
1420 1140 1525 1211 fron·

556 1252 635 1338 des,
649 1247 801 1323 celeriter
822 1246 992 1320 exarescit.
1014 1248 1174 1340 Quorum
1190 1246 1364 1319 manifesto
1387 1248 1525 1344 pericu·

556 1358 597 1432 lo
612 1359 674 1430 hac
689 1354 821 1427 ratione
840 1376 986 1428 tentatur
1008 1357 1166 1430 occurri:
1186 1353 1274 1428 Inter
1289 1356 1458 1451 principia
1472 1356 1526 1429 sa·

558 1468 628 1542 cies
647 1466 840 1537 unttionem
854 1517 867 1555 ,
880 1489 965 1538 cerae
988 1461 1338 1554 libras.duas'‚res1nae
1357 1465 1525 1538 serbenti·

557 1602 613 1650 nae
633 1576 773 1665 libram,
794 1575 950 1646 medultae
973 1575 1118 1649 cervinae
1132 1576 1270 1662 libram,
1288 1575 1445 1673 axungiae
1460 1600 1525 1646 ve·

558 1683 638 1756 teris
659 1682 727 1754 fine
746 1681 808 1753 sale
822 1681 963 1768 libram,
981 1684 1167 1778 propoleos
1188 1682 1366 1772 selibram,
1382 1683 1528 1782 irisrlly·

558 1790 637 1862 ricae
651 1792 792 1880 libram,
805 1791 943 1865 samsuci
959 1791 1099 1882 libram,
1113 1792 1182 1863 olei
1195 1792 1316 1864 laurini
1329 1846 1340 1882 ,
1354 1811 1527 1888 quantum
1603 1881 1606 1892 Ι

559 1903 636 1976 satis
656 1904 779 1994 fuerit,
796 1905 967 2000 decoques
989 1904 1192 1978 carbonibus
1211 1904 1331 1993 lentis,
1344 1906 1383 1977 &
1401 1906 1446 1975 ad
1466 1931 1530 1979 ce-

551 2016 632 2088 ·roti
655 2015 833 2112 mollitiem
861 2015 1074 2110 percolabis,
1097 2014 1151 2087 cui
1175 2015 1282 2087 adhuc
1308 2013 1434 2108 tepenti
1453 2015 1530 2115 ‚mi-

561 2126 633 2199 sces
653 2127 828 2220 pulverem
851 2126 1051 2222 irisrllyricae
1073 2125 1110 2197 δι
1131 2145 1230 2197 cretae
1255 2124 1357 2194 Cimo
1460 2123 1530 2193 do·

560 2259 626 2306 nec
649 2232 861 2327 infrigescat,
880 2233 1030 2326 agitabis.
1051 2235 1104 2312 Εκ,
1118 2258 1189 2330 quo
1209 2231 1461 2325 medicamento
1476 2248 1530 2300 to·

561 2362 633 2414 turn
663 2341 849 2433 jumentum
881 2366 1069 2438 perunges,
1095 2346 1132 2415 δι
1158 2341 1528 2417 multotummanibus

520 2503 523 2510 ·
560 2452 788 2541 confricabis,
803 2454 915 2522 donec
933 2449 1061 2524 calesrat
1074 2455 1112 2525 ὅ(
1129 2451 1231 2524 sudet.
1245 2451 1354 2544 Quod
1369 2450 1528 2546 interpo-

562 2560 627 2636 srto
648 2562 761 2633 triduo
790 2560 954 2635 convenit
984 2558 1057 2631 fieri
1069 2614 1081 2647 ,
1101 2560 1147 2631 ita
1166 2578 1203 2632 ut
1227 2545 1435 2654 coopertum
1455 2558 1531 2630 ani-

550 2672 632 2761 mal
655 2672 713 2762 srt,
728 2674 766 2747 &
785 2670 910 2745 cotidie
931 2669 1086 2765 paulatim
1106 2688 1318 2758 exerceatur,
1334 2688 1372 2740 ut
1388 2669 1532 2767 digerat.

515 2847 518 2854 .
564 2780 632 2853 Cui
644 2783 718 2853 ltaec
736 2780 976 2877 praeparabitur
988 2778 1087 2873 potio
1105 2804 1113 2849 :
1135 2778 1302 2852 Abrotani
1313 2778 1433 2851 uncias
1447 2804 1531 2874 qua·

563 2914 669 2979 tuor,
695 2890 861 2963 santonici
880 2889 995 2962 uncias
1022 2906 1190 2985 quatuor,
1213 2885 1390 2983 trixaginis
1412 2887 1531 2959 uncias

517 3011 536 3028 ⁸
563 3014 733 3091 quatuor,
764 2996 1015 3091 chamaepityos
1041 2994 1155 3067 uncias
1179 3013 1346 3088 quatuor,
1362 2993 1533 3087 gentianae

563 3103 680 3173 uncias
697 3102 794 3184 duas,
811 3102 956 3170 murthae
982 3101 1098 3171 uncias
1117 3101 1218 3189 duaS,
1235 3099 1447 3195 opopanacis
1467 3126 1535 3172 un-

555 3210 631 3311 xias
651 3209 751 3296 duas,
766 3207 909 3303 ejusdem
922 3208 1067 3297 radicis,
1082 3210 1100 3279 s
1098 3209 1209 3282 necari
1223 3209 1456 3300 semiunciam,
1475 3237 1536 3285 ru-

564 3336 609 3389 tae
630 3316 894 3412 aliquantulum,
910 3317 1025 3388 omnia
1051 3320 1136 3390 bene
1153 3318 1266 3390 tundis
1285 3315 1468 3389 &cribras
1487 3345 1536 3391 ex

565 3427 690 3523 quibus
712 3430 783 3500 duo
805 3427 994 3501 cochlearia
1007 3428 1041 3499 in
1055 3428 1143 3501 'vino
1167 3428 1275 3501 veteri
1294 3427 1428 3501 decotla
1447 3453 1535 3502 cum

567 3536 670 3609 succo
690 3533 846 3629 ptisanae,
863 3536 983 3633 inquo
1008 3563 1089 3610 acro
1109 3538 1267 3610 decotlus
1286 3534 1352 3625 esl,
1366 3534 1537 3609 admisce·

567 3646 631 3718 bis.
654 3643 811 3744 adjunges
835 3646 932 3716 etiam
957 3645 1032 3717 ervi
1054 3645 1193 3741 pollinis
1217 3644 1407 3717 cochlearia
1432 3645 1533 3718 duo:

568 3780 645 3852 quae
661 3779 736 3825 cum
753 3780 812 3850 per
830 3780 956 3827 novem
972 3755 1041 3827 dies
1060 3753 1245 3827 continuos
1259 3753 1388 3825 dederis
1401 3807 1413 3841 ,
1427 3753 1536 3827 inter·

568 3866 672 3937 mittis
694 3866 966 3963 aliquamdiu‚ut
983 3866 1072 3936 vires
1093 3863 1229 3961 colligat
1250 3866 1286 3937 &
1300 3862 1470 3951 resumat,
1497 3867 1535 3939 &

567 4001 629 4074 per
652 3977 795 4074 singulas
817 3978 986 4076 periodos¹
1000 3976 1135 4047 alternis
1157 3973 1299 4047 curabis.
1326 3977 1403 4050 Nec
1431 3976 1536 4048 cessa·

568 4084 645 4174 bis,
658 4084 768 4156 donec
788 4083 909 4155 sanitas
923 4086 1045 4156 redeat.
1059 4084 1193 4155 Diebus
1210 4101 1320 4154 autem
1341 4084 1463 4156 vacuis
1480 4081 1537 4156 os·

569 4196 619 4266 sas
641 4219 682 4266 ex
704 4193 811 4265 farina
826 4193 955 4265 triticea
977 4191 1012 4264 in
1032 4191 1113 4263 tacte
1128 4190 1302 4287 conspersa
1323 4193 1364 4263 ad
1385 4194 1536 4269 substan·

570 4303 651 4381 riam
676 4300 815 4402 degeris.
842 4299 988 4375 sursures
1016 4324 1156 4399 quoque
1183 4299 1397 4379 triticeos&
1424 4307 1537 4404 paleas
