3875 5759
495 948 1283 1044 *meinraanolrrut
1349 973 1391 1048 μ

440 1110 514 1204 poll
528 1110 706 1185 solstitium
721 1136 807 1186 vero
821 1137 899 1183 eum
913 1109 1070 1209 figis,qui
1085 1111 1251 1185 summum
1266 1127 1418 1209 germen

439 1219 585 1294 inclufit.
611 1222 705 1294 Piros
733 1221 829 1309 omni
855 1246 977 1319 genere
1005 1220 1172 1314 inseritur.
1198 1222 1403 1298 Condienda

438 1327 513 1399 sunt
527 1327 597 1422 pira
616 1328 707 1427 [ita]
727 1329 782 1403 die
799 1328 935 1424 placido
949 1328 1159 1404 decrescente
1174 1328 1255 1402 luna
1268 1354 1296 1401 a,
1306 1328 1405 1402 vice·

439 1437 519 1508 srma
532 1435 671 1510 secunda
689 1437 791 1534 usque
805 1437 839 1509 in
858 1439 1023 1513 odanam.
1039 1439 1165 1511 Eadem
1184 1463 1286 1534 poma
1300 1439 1404 1528 sicca,

439 1547 478 1617 δι
500 1569 598 1617 manu
618 1544 699 1642 leda
715 1548 758 1622 ab
776 1547 862 1621 hora
884 1547 1028 1632 secunda
1049 1548 1088 1622 in
1107 1547 1286 1647 quintam,
1306 1549 1362 1621 vel
1383 1576 1405 1623 a

440 1654 577 1749 septima
594 1657 630 1730 in
646 1657 812 1731 decimam
821 1712 835 1747 ,
850 1684 869 1731 a
883 1659 1020 1735 caducis
1034 1657 1213 1757 diligenter
1227 1659 1330 1732 eledla
1346 1659 1404 1732 in·

439 1769 606 1862 regra,&
624 1792 734 1865 prope
753 1769 861 1858 dura,
876 1772 914 1843 δι
937 1770 1114 1865 aliquanto
1138 1768 1260 1841 viridia
1286 1768 1321 1838 in
1349 1769 1405 1863 pi-

439 1895 516 1950 cato
537 1875 614 1949 vase
633 1876 860 1962 clauduntur,
884 1877 980 1970 quod
1007 1875 1177 1968 operculo
1198 1874 1343 1971 tegitur,
1365 1879 1405 1948 δι

440 1983 595 2060 deorsum
616 2009 657 2057 os
677 1983 750 2076 ejus
767 1981 974 2069 inclinatur,
994 1998 1095 2077 atque
1112 1981 1242 2084 {brevi
1260 1981 1405 2081 scrobe]

439 2093 598 2164 obruitur
622 2093 658 2162 in
678 2118 723 2165 eo
746 2091 851 2180 loco,
866 2090 955 2166 circa
965 2118 1066 2190 quem
1080 2091 1236 2191 perennis
1249 2117 1337 2191 aqua
1348 2095 1408 2164 de·

440 2197 556 2272 c'utrit.
580 2202 663 2271 Item
679 2224 754 2295 quae
776 2196 857 2270 dura
878 2198 954 2272 sunt
973 2200 1009 2275 in
1030 2221 1133 2277 carne¹
1149 2205 1187 2284 δι
1203 2220 1299 2289 cute,
1315 2200 1408 2297 prius

438 2310 474 2379 in
495 2332 623 2381 acervo
642 2307 769 2404 posita,
790 2306 849 2381 ubi
866 2307 898 2382 se
915 2311 1051 2385 mollire
1067 2312 1259 2411 coeperint,
1283 2312 1318 2385 in
1343 2337 1407 2388 vas

438 2418 538 2491 finite
554 2421 641 2496 bene
659 2421 1235 2523 coslumpicatumque-ponuntur,
1249 2428 1291 2500 de
1301 2450 1406 2521 oper·

439 2530 518 2603 culo
532 2530 791 2628 superveniente
808 2533 1005 2629 gypsantur.
1028 2559 1087 2607 vas
1101 2535 1201 2608 brevi
1215 2533 1334 2607 scrobe
1348 2534 1408 2606 dea

436 2638 599 2736 mergitur
611 2637 645 2709 in
658 2663 702 2710 eo
715 2640 884 2734 loco‚qui
897 2639 1053 2734 quotidie
1065 2639 1137 2711 sole
1150 2658 1317 2735 tangatur.
1327 2639 1405 2710 Plu·

437 2744 516 2817 rimi
527 2745 600 2839 pira
613 2745 736 2814 obruta
747 2743 837 2813 inter
850 2741 960 2838 paleas
974 2760 1030 2811 aut
1043 2740 1210 2814 frumenta
1222 2741 1410 2821 servarunt:

347 2927 359 2938 ,
438 2854 497 2925 alii
526 2850 635 2921 statim
654 2850 741 2921 'ledia
769 2873 847 2920 cum
869 2847 1045 2920 tenacibus
1068 2846 1133 2920 suis
1153 2847 1273 2943 picatis
1297 2850 1410 2923 urceift

441 2960 691 3046 condiderunt,
704 2961 742 3033 &
755 2957 873 3032 oribus
898 2957 1112 3033 vasculorum
1127 2958 1240 3059 gypso
1257 2960 1314 3033 vel
1332 2960 1409 3056 pice

440 3070 576 3157 clausis,
590 3068 657 3163 ipsa
670 3068 728 3141 sub
744 3068 829 3141 divo
844 3068 965 3140 obruta
979 3065 1139 3141 sabulone
1153 3087 1320 3142 texerunt.
1335 3067 1407 3144 Alii

439 3176 528 3273 pira,
542 3200 617 3271 quae
635 3173 666 3247 se
684 3201 756 3248 non
773 3175 1009 3274 contingerent
1021 3229 1033 3266 ,
1046 3177 1081 3249 in
1096 3176 1196 3250 melle
1217 3177 1408 3266 servarunt.

440 3289 522 3358 Item
544 3286 616 3380 pira
631 3285 737 3359 divisa
760 3289 956 3385 &purgata
980 3286 1116 3386 granis,
1130 3286 1168 3360 in
1189 3287 1260 3362 sole
1277 3288 1408 3374 slcc'anr
1547 3378 1552 3384 ι

382 3433 385 3442 ·
441 3414 506 3467 rur.
522 3395 634 3491 Aliqui
651 3421 772 3494 aquam
788 3395 923 3485 salsam,
941 3421 1020 3471 cum
1035 3394 1328 3491 coeperit-undare
1349 3419 1411 3469 ca-

442 3507 581 3601 lebeta,
592 3506 810 3604 dispumant,
827 3508 865 3578 &
884 3505 917 3580 ei
936 3507 1014 3601 post
1027 3504 1093 3599 jam
1108 3504 1236 3605 frigidae
1251 3504 1323 3602 pira
1338 3506 1411 3579 ser.-

442 3618 556 3691 vanda
585 3618 795 3717 demergunt.
818 3634 902 3690 tunc
923 3635 1061 3688 exemta·
1078 3613 1153 3711 posl
1179 3613 1310 3713 tempus
1331 3615 1409 3689 exi·

345 3775 350 3782 -
443 3753 543 3827 guum
568 3730 722 3801 condunt
736 3729 918 3812 urceo‚'&
931 3725 1001 3820 ejus
1015 3750 1077 3798 ore
1098 3724 1162 3798 lito
1180 3726 1409 3814 conservant:

444 3838 501 3912 vel
515 3839 615 3910 none
629 3840 667 3911 δι
689 3839 744 3911 die
761 3838 798 3911 in
822 3836 941 3935 frigida
961 3834 1039 3909 salsa
1056 3860 1190 3910 manere
1209 3835 1407 3932 patiunturc

424 3949 426 3954 ’
445 3948 521 4043 post
538 3948 574 4020 in
592 3974 680 4046 aqua
695 3974 780 4044 pura
794 3947 900 4020 biduo
915 3964 1110 4035 macerant,
1123 3945 1243 4028 deinde
1257 3944 1294 4016 in
1307 3944 1407 4040 sapa,
1515 4037 1520 4049 .
1554 4012 1556 4017 .

446 4059 635 4153 velpallo,
651 4059 708 4132 vel
722 4057 814 4132 dulci
832 4057 919 4133 vino
939 4055 1044 4130 mersa
1059 4054 1263 4130 custodiunt.
1279 4055 1408 4128 Vinum

425 4170 488 4278 fle
502 4169 590 4264 piris
616 4168 680 4257 fit,
702 4169 724 4242 st
746 4169 886 4244 contusa
908 4173 946 4245 δι
967 4168 1064 4244 sacco
1081 4166 1244 4241 rariffimo
1267 4164 1408 4239 condita

447 4275 655 4373 ponderibus
675 4279 964 4373 comprimantur,
978 4295 1037 4352 aut
1049 4275 1156 4374 prelo.
1172 4274 1281 4349 hieme
1293 4272 1414 4365 durat,

447 4384 500 4459 sed
522 4383 629 4487 prima
651 4386 772 4474 acescit
797 4386 919 4465 aellate.
938 4392 1083 4464 Acetum
1103 4384 1148 4461 fic
1167 4380 1205 4458 fit
1231 4384 1272 4457 de
1295 4383 1405 4483 piris:
