3875 5759
547 936 618 994 ,ιο

677 1136 1028 1236 tritanu
1075 1075 1366 1229 nnttntr
1477 1225 1479 1231 ,

593 1287 904 1463 annet
966 1362 1455 1470 amtttnnr.

750 1599 752 1612 '
964 1589 1035 1651 DE

540 1795 1116 1951 ΙΝδιΙῘΓ-ῘῙ
1183 1802 1374 1938 ΟΝ
1441 1807 1495 1937 E

707 2046 709 2050 ’
849 2017 1181 2162 tinen

543 2231 610 2331 nn
630 2268 932 2353 enneminta
958 2271 1123 2376 tanum
1142 2222 1495 2339 nncrrsstnun.

743 2483 1294 2517 ι--ιμμ--ι--ι-ι--ι--ιέ

542 2639 709 2793 HABES
723 2693 812 2769 aliud
824 2695 962 2769 indulte
974 2692 1052 2768 lidei
1065 2694 1305 2772 testimonium.
1319 2699 1386 2769 Pro
1400 2699 1498 2773 usura

542 2802 704 2901 temporis
728 2804 798 2877 hoc
826 2828 913 2902 opus
938 2801 979 2875 de
1006 2821 1074 2875 arte
1097 2801 1263 2877 insrtionis
1287 2803 1404 2899 adjeci.
1434 2808 1498 2880 Sed

541 2913 639 3008 quod
653 2912 830 2987 volumina
848 2915 921 2985 haec
934 2912 1021 2985 ruris
1035 2912 1171 2986 colendi
1179 2913 1304 3004 serius,
1317 2939 1418 3009 quam
1427 2913 1500 3009 jus·

541 3022 647 3107 setas,
669 3021 791 3115 scripta
821 3022 916 3111 sunt,
941 3022 1067 3093 librarii
1094 3048 1213 3095 manus
1235 3023 1368 3119 segnior
1395 3005 1499 3116 fecit,

540 3125 638 3220 cujus
650 3150 713 3224 ego
728 3127 914 3199 tarditatem
926 3152 1097 3223 nunquam
1110 3129 1254 3226 maligne
1266 3130 1405 3206 aestimo.
1425 3134 1497 3207 scio

541 3237 651 3328 enim,
669 3260 739 3335 quo
760 3234 954 3333 frequenter
973 3235 1112 3309 inclinet
1133 3238 1258 3333 argutia
1276 3237 1500 3314 famulorum·

429 3366 431 3370 ·
467 3400 470 3408 -
540 3345 634 3420 malo
654 3370 791 3443 operam
810 3343 880 3437 ejus
895 3344 1083 3441 exspectare
1100 3337 1234 3441 potius,
1252 3372 1351 3444 quam
1366 3347 1498 3425 timere.

448 3520 450 3524 ,
540 3451 684 3542 Nescio,
699 3473 810 3526 utrum
824 3451 1006 3524 commune
1021 3451 1059 3523 stt
1076 3448 1245 3525 dominis:
1264 3449 1347 3523 mihi
1360 3450 1497 3526 difficile

468 3656 470 3659 y
536 3563 705 3662 contigit,
719 3563 755 3635 in
774 3557 950 3636 servilibus
966 3562 1106 3659 ingeniis
1123 3560 1276 3639 invenite
1289 3562 1497 3661 temperiem.
1543 3583 1548 3600 ·

538 3675 587 3747 ita
600 3673 772 3770 saepiffime
783 3693 901 3770 natura
916 3673 988 3748 haec
1000 3672 1098 3747 vitiat
1113 3674 1351 3763 commodum,
1363 3673 1387 3762 st
1399 3673 1496 3769 quod

432 3828 434 3831 -
538 3779 607 3869 est,
621 3783 659 3856 δι
671 3780 787 3856 miscet
802 3782 948 3876 optanda
962 3780 1150 3855 contrariis.
1170 3781 1333 3854 velocitas
1349 3805 1494 3877 procur-

537 3889 583 3963 rit
600 3890 637 3969 ’ω
658 3889 788 3965 facinus
798 3916 810 3978 3
825 3890 977 3987 segnities
998 3890 1137 3989 figuram
1154 3890 1366 3988 benignitatis
1380 3888 1494 3962 imita·

537 4018 612 4093 tut,
624 4002 662 4076 &
675 4017 805 4072 tantum
818 4001 942 4076 recedit
956 4003 997 4073 ab
1010 4000 1174 4099 agilitate,
1187 4017 1349 4098 quantum
1363 3999 1494 4072 recellit

537 4135 557 4182 a
578 4098 712 4184 scelere.
724 4109 797 4184 Diu
812 4128 923 4209 tamen
937 4113 1025 4209 apud
1040 4128 1073 4183 te
1085 4111 1248 4207 pudorem
1263 4134 1374 4182 meum
1388 4109 1493 4182 dillu-

536 4214 583 4305 ti,
596 4216 651 4288 sed
663 4217 731 4293 hoc
744 4216 833 4314 quafi
847 4219 956 4294 bonus
974 4220 1116 4294 famulus
1134 4218 1209 4294 feci.
1222 4222 1349 4301 Verum
1364 4217 1492 4309 nescio,
1589 4241 1591 4246 ’

537 4324 670 4403 lituum
691 4332 733 4407 ad
747 4330 806 4405 has
820 4331 926 4407 modo
944 4328 1100 4407 minutias
1112 4330 1293 4407 inclinetur
1308 4327 1492 4430 ingenium.

1431 4467 1451 4511 t
