3875 5759
520 962 1267 1080 mnutrrssuunuruu
1337 963 1383 1061 89

431 1124 549 1197 dantur
571 1153 590 1196 a
615 1125 751 1222 frigore.
769 1126 846 1197 Hoc
865 1124 978 1211 mense
997 1102 1175 1223 cyminum
1190 1126 1233 1212 ,δε
1257 1123 1386 1197 anisum

430 1216 546 1303 soiitur
559 1234 734 1304 locobene
747 1232 896 1318 subatro,
908 1234 945 1305 &
960 1232 1014 1304 cui
1028 1233 1181 1320 laetamen
1196 1232 1387 1309 admisceas.

430 1339 538 1428 Quod
556 1339 657 1412 satum
671 1341 732 1431 est,
744 1340 856 1415 herbis
872 1359 1034 1440 purgetur
1046 1341 1185 1415 allidue.'

442 1451 444 1458 ’
489 1450 606 1524 XXV.
627 1453 757 1527 Plantas
782 1454 937 1550 piror'um
962 1454 1074 1527 mense
1094 1449 1279 1527 Februario
1302 1450 1390 1524 locis

429 1558 559 1655 frigidis
571 1587 754 1657 ponemus;
769 1562 885 1636 calidis
898 1587 985 1636 vero
998 1562 1212 1663 Novembri:
1227 1561 1282 1632 sed
1295 1557 1389 1632 men·

429 1669 462 1739 se
481 1672 670 1746 Novembri
686 1675 758 1771 pira
777 1674 863 1747 locis
880 1674 1004 1771 tepidis
1017 1673 1222 1749 conserenda
1236 1672 1311 1744 sunt
1323 1725 1336 1762 ,
1350 1687 1390 1743 ut

429 1777 502 1849 solo
522 1780 686 1873 juventur
700 1784 843 1880 irriguo.
859 1784 906 1855 ita
920 1784 1091 1858 &florem
1107 1784 1289 1876 plurimum
1308 1803 1390 1875 pro·

430 1885 557 1978 serent,
577 1893 615 1965 δι
634 1894 901 1988 magnitudinem
916 1892 1013 1984 pomi
1026 1890 1190 1986 turgentis
1205 1888 1393 1984 acquirent.

431 1999 520 2071 nasci
545 2019 658 2074 tamen
676 2005 735 2076 tali
758 2002 834 2072 solo
859 2000 1006 2073 maxime
1029 1999 1199 2097 diligunt,
1216 1998 1315 2095 quale
1339 1996 1419 2070 vi·-

429 2110 516 2180 netis
534 2110 682 2182 diximus
705 2108 916 2182 convenire:
936 2109 992 2182 sed
1004 2111 1085 2183 laeto
1102 2109 1182 2185 'solo
1204 2112 1244 2185 δι
1264 2089 1405 2181 validas'

428 2219 593 2303 arbores,
615 2220 654 2291 δι
677 2217 801 2291 {rodus
822 2220 988 2316 plurimos
1010 2221 1265 2319 consequemur.
1287 2216 1393 2314 Lapi-

426 2324 503 2396 dofi
522 2327 651 2421 generis
673 2328 745 2425 pira
766 2329 886 2402 vitium
908 2351 1037 2407 mutare
1063 2329 1301 2421 creduntur‚li
1321 2352 1393 2402 ter·

431 2437 476 2508 ris
490 2436 651 2510 mollibus
669 2440 900 2516 conserantur.
925 2444 990 2515 Sed
1008 2443 1118 2538 pirum
1139 2442 1263 2539 plantis
1286 2442 1401 2540 serere·

429 2571 539 2643 prope
561 2543 675 2622 tardus
695 2571 840 2644 eventus
856 2550 933 2622 est:
954 2571 1065 2623 tamen
1083 2551 1205 2644 quibus
1225 2550 1294 2620 hoc
1317 2548 1394 2640 pla·

430 2656 521 2744 cuit,
540 2677 579 2730 ut
595 2657 719 2730 semina
741 2657 1008 2753 generosa‘nihil
1026 2657 1085 2728 fibi
1099 2658 1141 2725 de
1162 2655 1280 2748 agresti
1299 2654 1396 2746 aspe-

432 2764 531 2834 ritate
557 2764 804 2858 permisceant,
826 2761 957 2854 plantas
984 2760 1088 2826 bimas
1110 2776 1167 2827 aut
1191 2758 1327 2841 trimas,
1352 2781 1398 2825 eo

432 2894 554 2951 more,
567 2894 639 2962 quo
655 2868 740 2938 oleae
751 2880 947 2959 ponuntur,
961 2862 1145 2953 radicatas,
1162 2861 1292 2961 magnis
1306 2861 1400 2935 scro-

433 2979 534 3049 bibus
564 2994 720 3073 ponaot‚
736 2975 833 3071 supra
858 2992 981 3047 terram
992 2975 1106 3049 itibus
1126 2975 1210 3076 altas
1231 2974 1290 3049 vel
1309 2999 1398 3073 qua·

433 3108 515 3159 tuor
529 3088 692 3182 pedibus,
709 3109 848 3182 quarum
866 3085 974 3158 decisa
988 3079 1163 3161 cacumina
1174 3084 1293 3183 argilla
1307 3079 1398 3156 mix}

432 3214 467 3265 ta
491 3194 625 3266 muscus
643 3193 742 3265 debet
757 3192 901 3287 operire.
923 3192 1050 3267 Namfi
1072 3193 1149 3289 quis
1169 3193 1322 3286 pirorum
1343 3192 1397 3265 se·

434 3329 511 3375 rnen
537 3304 709 3402 aspergat,
728 3301 817 3374 nasci
836 3302 973 3400 quidem
994 3303 1124 3376 necelle'
1141 3303 1210 3393 ell,
1227 3304 1396 3401 originem

434 3412 527 3485 luam
548 3412 726 3485 refovente
750 3431 866 3483 natura
878 3413 1005 3506 ‚teujus
1021 3412 1200 3486 aternitati
1223 3411 1314 3484 nulla
1328 3432 1397 3485 tar·

435 3523 519 3594 ditas
541 3521 650 3615 potest
671 3520 787 3592 afferre
808 3518 1000 3591 fastidium:
1017 3520 1074 3592 sed
1098 3520 1229 3592 homini
1244 3522 1312 3594 hoc
1331 3541 1397 3593 eu·

435 3631 579 3720 speclare
598 3629 822 3725 longinquum
844 3628 913 3714 est,
931 3652 1010 3699 cum
1031 3630 1070 3700 δι
1092 3628 1166 3699 feto
1185 3628 1398 3714 veniant,&

437 3739 633 3835 degeneris
660 3731 837 3809 nobilitate
865 3736 1037 3808 decedant.
1064 3737 1187 3808 Melius
1210 3761 1296 3832 ergo
1325 3736 1396 3805 hoc

436 3848 546 3919 mense
565 3848 759 3918 Novembri
775 3846 853 3931 fiet,
872 3868 910 3915 ut
922 3846 1076 3939 pirorum
1087 3846 1218 3942 plantas
1232 3845 1397 3917 radicatas

439 3955 580 4028 feramus
605 3955 804 4053 agrestium,
830 3952 971 4025 sabanis
994 3952 1080 4023 bene
1108 3954 1307 4040 scrobibus,
1332 3968 1398 4035 ut,

439 4089 516 4132 curn
535 4062 789 4157 prehenderint,
801 4060 1000 4133 inserantur.
1012 4061 1090 4133 Hoc
1109 4081 1221 4131 autem
1235 4055 1396 4153 interest,

437 4171 535 4266 quod
549 4226 560 4256 ,
572 4197 647 4265 quae
656 4171 780 4267 plantis
792 4172 857 4243 suis
870 4170 1048 4258 seruntur,
1063 4171 1273 4243 dulcedinem
1290 4189 1330 4237 ac
1340 4185 1394 4237 te-

438 4280 614 4351 neritatem
628 4281 785 4368 servant,
798 4280 855 4350 diu
876 4299 989 4351 tamen
1004 4278 1135 4351 servata
1155 4300 1226 4345 non
1249 4274 1396 4348 durant:

438 4390 535 4460 imita
547 4412 650 4480 vero,
666 4415 796 4464 moram
808 4391 972 4486 temporis
983 4388 1196 4464 sustinebunt.
1215 4382 1324 4478 Spatia
1337 4384 1394 4457 in·
