3875 5759
545 926 639 998 ΗΒ.
679 927 744 998 ῘΗ.
782 850 1413 1032 muudus-lusi&

435 1067 525 1156 'rum
553 1083 682 1157 radices
710 1082 783 1181 alga
811 1082 939 1155 marina
969 1080 1216 1167 involvendas,
1241 1080 1416 1156 servandae

451 1189 629 1266 viriditatis
653 1189 770 1277 causa,
788 1188 873 1262 iimo
899 1190 997 1260 fimul
1018 1190 1217 1262 adhaerente.
1243 1188 1417 1261 Ponendae

452 1297 529 1372 sunt
547 1302 669 1395 planta
690 1298 827 1393 majoris
845 1299 1072 1388 incrementi,
1092 1297 1193 1392 qiua,
1211 1296 1291 1370 licet
1315 1296 1418 1371 serius

449 1408 760 1502 comprehendant,
775 1406 935 1481 fortiores
955 1404 1048 1481 fient.
1070 1408 1103 1479 Si
1120 1408 1226 1480 hiems
1246 1406 1313 1495 est,
1328 1406 1416 1503 tepi-
1465 1476 1473 1491 ,
1555 1439 1560 1450 ·

450 1516 498 1587 do
513 1514 580 1609 jam
599 1517 671 1604 die;
689 1516 712 1589 fi
732 1488 937 1608 aestas,(11m
959 1517 1011 1591 soi
1025 1518 1060 1590 in
1075 1518 1248 1617 vesperam
1263 1518 1416 1594 declina·

450 1640 528 1715 tur,
545 1625 657 1721 planta
671 1627 842 1726 pangenda
861 1626 917 1698 cst.
931 1612 1070 1699 Vassior
1087 1624 1167 1716 fiet,
1183 1627 1307 1699 sltem
1326 1651 1415 1722 ope·¹

449 1735 554 1809 riatur
565 1738 699 1813 affidue.
718 1739 838 1820 Samen
858 1738 1194 1812 branca-vetustum
1208 1756 1358 1811 mutatur
1374 1738 1413 1810 in

449 1872 538 1941 rapa.
561 1853 640 1925 Hoc
660 1852 773 1925 mense
793 1852 869 1946 post
893 1853 972 1926 Idus
995 1851 1154 1948 spongias
1177 1849 1415 1946 asparagorum
1485 1921 1489 1932 ,

447 1956 504 2029 vel
522 1982 635 2042 novas
648 1960 798 2034 formare
818 1961 1019 2054 incipiemus
1032 1985 1075 2032 ex
1095 1958 1220 2031 femine
1230 2012 1243 2046 ,
1257 1957 1311 2028 vel
1324 1956 1413 2027 anri·

446 2090 528 2163 quas
554 2092 732 2163 ponemus.
758 2067 846 2138 Mihi
870 2066 972 2141 etiam
994 2068 1078 2141 illud
1101 2067 1187 2141 utile
1209 2065 1347 2165 videtur
1371 2086 1412 2138 ac

446 2176 611 2272 diligens,
634 2196 672 2249 ut
696 2176 845 2276 asparagi
860 2178 1013 2277 agrestis,
1035 2178 1162 2254 radices
1188 2175 1347 2275 plurimas
1373 2171 1411 2245 in

444 2308 552 2356 unum
567 2286 682 2357 locum
701 2306 925 2383 congeramus
949 2285 1099 2376 cultum,
1116 2285 1174 2360 vel
1196 2304 1286 2359 certe
1310 2281 1411 2355 saxo·

444 2392 516 2465 sum
526 2420 623 2493 ‚quae
635 2394 742 2469 statim
756 2396 902 2470 frudun
914 2398 995 2468 dent
1009 2423 1050 2469 ex
1064 2398 1166 2486 loco,
1179 2395 1239 2492 qui
1253 2393 1344 2466 aliud
1360 2388 1411 2464 nil

442 2502 572 2590 alebat,
586 2504 624 2575 δι
639 2504 698 2577 has
711 2504 808 2576 annis
821 2506 982 2578 omnibus
995 2505 1214 2578 incendamus
1225 2503 1262 2573 in
1278 2500 1408 2597 scopis,
1544 2581 1547 2588 ,

442 2626 480 2686 ut
493 2612 618 2686 studius
631 2612 844 2712 frequentior
863 2616 973 2710 surgat
992 2617 1029 2685 &
1045 2612 1181 2684 fortior.
1202 2613 1282 2683 Hoc
1296 2629 1409 2683 autem

441 2746 549 2818 genus
569 2721 615 2792 est
633 2721 750 2815 sapore
764 2720 958 2813 jucundius.
978 2720 1081 2788 Nunc
1094 2717 1196 2788 etiarn
1213 2716 1325 2789 malva
1346 2714 1409 2790 feri

442 2829 566 2923 potest.
588 2832 738 2898 Mensam
759 2849 898 2919 quoque
920 2823 989 2895 sere
1008 2821 1132 2917 plantis
1148 2820 1205 2894 vel
1219 2822 1409 2910 radicibus,

442 2935 527 3006 loco‘
541 2933 701 3022 humido,
717 2931 775 3004 vel
789 2931 878 3005 circa
894 2930 1179 3029 aquas.,apricum
1192 2929 1319 3019 solum,
1344 2954 1408 3007 nec

442 3038 591 3135 pingue,
611 3063 674 3112 nec
688 3038 904 3111 stercoratum
920 3040 1093 3113 defiderat.
1114 3040 1193 3112 Hoc
1213 3037 1323 3111 mense
1339 3036 1408 3133 fge-

440 3147 592 3220 niculum
610 3137 694 3219 seres
708 3147 790 3221 loco
806 3146 923 3242 aprico
937 3201 949 3237 ,
963 3150 1002 3221 &
1017 3146 1158 3221 modicd
1168 3146 1300 3221 saxoso.
1317 3149 1418 3224 Seri·
1518 3172 1520 3176 ’

439 3272 495 3327 tur
519 3255 632 3351 primo
658 3280 739 3339 vere
767 3254 953 3351 pastinaca,
983 3258 1021 3333 &
1048 3255 1174 3329 semine
1196 3275 1344 3352 ponetur
1365 3260 1406 3335 &

440 3362 581 3460 plantis,
599 3365 681 3438 loco
706 3364 843 3463 pingui,
866 3364 1002 3455 soluto,
1022 3365 1121 3438 altius
1141 3365 1331 3462 pastionum
1352 3393 1405 3441 ra·

440 3500 511 3546 ram
526 3474 668 3564 statues,
681 3494 721 3547 ut
738 3475 846 3547 robur
859 3470 1016 3571 accipiar.
1038 3476 1170 3549 (uincla
1189 3477 1288 3550 etiam
1309 3501 1403 3554 nunc

440 3585 578 3675 seritur,
590 3586 629 3657 δι
641 3584 768 3686 colitur
781 3609 824 3660 eo
839 3611 955 3676 more,
973 3612 1043 3683 quo
1058 3589 1171 3662 allium
1181 3589 1247 3663 ‘vel
1260 3591 1402 3687 cepuila.
1452 3592 1455 3598 ’

439 3694 543 3766 Nunc
564 3691 771 3766 caerefoiium
797 3693 883 3767 locis
905 3693 1034 3792 frigidis
1055 3698 1130 3794 post
1152 3699 1229 3771 idus
1252 3699 1401 3777 seratur:

439 3803 600 3876 defiderat
613 3829 729 3901 agrurn
742 3805 1308 3897 laetum‚humidum,stercoratum.
1322 3812 1402 3885 Hoc

350 3995 353 4003 Ι
422 3912 551 3986 ¹suense
567 3913 677 3985 betam
691 3912 860 4003 feremus,
873 3913 1033 4013 quamvis
1043 3915 1142 4011 poffit
1155 3917 1193 3990 δι
1206 3933 1279 3988 tota
1291 3914 1402 4014 asstare

439 4019 604 4097 seminari.
637 4041 725 4095 amat
747 4044 867 4125 agrum¹
885 4044 1038 4123 putrem,
1060 4024 1255 4112 humidum,
1276 4024 1426 4114 laetum.x

441 4118 667 4205 transferenda
679 4132 726 4206 est
740 4150 888 4231 quatuor
905 4154 964 4209 aut
983 4136 1131 4234 quinque
1151 4133 1336 4219 fohorum,
1349 4157 1400 4207 ra·
1523 4188 1530 4195 -

440 4235 571 4327 dicibus
586 4237 669 4314 fimo
690 4242 818 4316 recenti
838 4244 965 4317 oblitis.
994 4263 1082 4318 amat
1103 4244 1295 4337 frequenter
1315 4242 1400 4316 effo-

438 4345 496 4443 di,
519 4350 557 4425 δι
577 4351 686 4429 multo
708 4350 856 4431 stercore
876 4354 1024 4436 saturari.
1043 4357 1121 4430 Hoc
1141 4349 1255 4425 mense
1275 4377 1402 4460 porrus

1136 4463 1338 4553 Μ·
