3875 5759
562 956 1244 1062 truttrtuuatrws
1350 903 1395 1055 ς’,

433 1128 533 1202 ante,
546 1129 758 1211 pangantur,
772 1138 849 1192 cunr
861 1112 1111 1211 tumorpasiini
1126 1115 1277 1187 nondum
1298 1139 1396 1211 repe·

432 1222 494 1296 tita
516 1221 688 1296 soliditate
716 1221 872 1355 subsepit,
899 1226 983 1296 Haec
1007 1243 1149 1320 quoquc
1174 1223 1211 1295 in
1235 1222 1397 1300 faciendis

432 1331 591 1412 sulcis&
609 1334 784 1409 scrobibus
803 1334 1174 1433 approbavi,maxime
1186 1334 1246 1410 ubi
1263 1334 1397 1409 medio·

380 1533 383 1540 ¹
432 1444 500 1520 cris
519 1444 568 1518 est
585 1462 687 1521 tetra.
786 1505 792 1522 .

477 1558 577 1642 XIV.
605 1554 724 1629 Mense
746 1555 903 1642 Januario
931 1556 1059 1631 laduca
1083 1554 1218 1630 serenda
1244 1553 1315 1643 est,
1340 1552 1399 1625 vel

433 1666 640 1757 Decembri,
663 1685 701 1752 ut
722 1668 834 1763 planta
859 1668 932 1763 eius
959 1668 1143 1743 Februario
1167 1664 1398 1739 transferatur.

434 1779 584 1878 itemque
607 1780 790 1873 Februario
814 1780 955 1868 seritur,
973 1806 1012 1855 ur
1034 1778 1133 1876 p'ossit
1154 1778 1266 1874 Aprili
1285 1775 1398 1849 mense

435 1888 616 1964 transferri.
631 1886 697 1962 Sed
713 1914 845 1964 certum
858 1892 924 1979 est,
935 1914 1006 1961 eam
1022 1908 1100 1961 roto
1112 1911 1204 1959 anno
1218 1886 1302 1959 bene
1318 1885 1401 1976 seri,

434 1996 460 2069 fi
479 1997 577 2094 locus
594 1999 634 2071 stt
653 1998 772 2085 latus,
791 1999 1014 2085 stercoratus,
1032 1995 1187 2092 irriguus.
1209 1997 1400 2090 Antequam

436 2124 624 2202 pangatur,
642 2106 773 2181 radices
792 2104 863 2197 ejus
874 2093 1069 2179 xreseceurus
1089 2102 1285 2199 aqualiter,
1299 2103 1338 2175 &
1359 2100 1405 2173 li-·

438 2214 644 2309 quidosimo
663 2217 808 2292 linamus
821 2243 831 2290 r
845 2216 902 2292 vel
922 2242 1000 2314 quae
1014 2215 1080 2311 jam
1101 2216 1206 2314 pasiae
1224 2214 1322 2303 sunt,
1335 2238 1402 2287 nu·

389 2393 392 2412 ,
438 2323 524 2397 datae
548 2327 701 2400 laetamen
724 2327 906 2425 accipiant.
929 2331 1054 2414 Amant
1076 2324 1184 2404 solam
1208 2323 1403 2413 sabasium,

436 2432 584 2531 pingue,
609 2435 810 2523 humidum,
834 2434 1070 2507 stercoratumt
1099 2434 1190 2504 Inter
1214 2431 1273 2503 has
1298 2430 1403 2502 herba

435 2567 540 2617 manu
558 2542 733 2637 evellenda
746 2543 814 2634 esi,
836 2568 910 2615 non
923 2541 1069 2635 sarculot
1085 2540 1202 2625 Latior
1214 2536 1272 2627 fit,
1289 2539 1312 2609 st
1330 2563 1404 2611 rara

435 2668 606 2743 ponatur,
626 2648 683 2722 vel
704 2673 783 2723 curn
802 2650 998 2745 ¹producere
1023 2648 1164 2745 incipiet
1188 2647 1339 2734 caulem,
1357 2669 1403 2717 eo

436 2759 561 2846 leviter
593 2758 703 2831 inciso
731 2760 828 2857 gleba
856 2780 1024 2855 prematur
1048 2777 1107 2832 aut
1131 2757 1221 2832 testa.
1250 2757 1403 2831 candidae

437 2866 513 2940 fieri
528 2867 738 2962 putantur,s1
749 2866 900 2939 fluminis
910 2892 1010 2940 arena
1017 2868 1074 2942 vel
1085 2868 1194 2940 litoris
1209 2867 1404 2965 frequenter

441 2974 614 3071 spargatur
629 2974 665 3045 in
684 2973 888 3066 mediam&
897 2975 1046 3052 collectis
1066 2976 1144 3075 ipsae
1162 2976 1254 3050 foliis
1267 2976 1404 3077 alligen·
1451 3026 1453 3030 -

441 3104 509 3158 tur.
533 3083 672 3162 §ivirio
691 3086 761 3160 loci
782 3086 840 3160 vel
858 3088 1022 3184 temporis
1045 3088 1101 3160 vel
1124 3088 1259 3163 seminis
1273 3088 1345 3163 cito
1357 3089 1406 3161 sa·

439 3194 533 3267 duca
551 3191 715 3283 durescit,
735 3191 850 3289 planta
873 3194 947 3290 ejus
969 3196 1086 3270 avulsa
1106 3198 1144 3270 δι
1161 3198 1275 3270 denuo
1297 3196 1405 3293 posita

438 3303 700 3378 teneritudinem
723 3297 959 3402 consequetur.
980 3308 1063 3377 Item
1087 3306 1210 3394 multis,
1224 3306 1406 3379 seminibus

438 3415 577 3489 condita
592 3413 768 3502 nascetur,
782 3412 807 3486 si
820 3414 1124 3519 caprinipsiercoris
1136 3417 1271 3491 baccam
1290 3415 1406 3491 subula
1545 3424 1549 3432 '

438 3523 858 3615 subtiliter-excavaverim
873 3527 912 3599 δι
932 3525 969 3597 in
990 3551 1028 3599 ea
1048 3524 1159 3600 semen
1178 3526 1334 3618 lasiucae,
1348 3547 1405 3599 na·

440 3628 570 3721 sturtii,
592 3630 718 3723 ocimi,
741 3656 874 3722 erucae,
898 3632 1022 3708 radicis
1045 3634 1237 3728 immiseris,
1261 3639 1300 3711 δι
1322 3641 1406 3711 tun'c

440 3737 634 3812 involutam
651 3738 737 3814 simo
756 3742 914 3832 baccam,
928 3761 1017 3817 terra
1034 3745 1164 3840 optime
1182 3735 1294 3832 culta,
1307 3740 1413 3817 brevi·

441 3847 559 3924 scrobe
572 3848 775 3923 demerseris.
794 3853 979 3949 Raph'anus
996 3850 1113 3925 nititur
1128 3852 1164 3923 in
1177 3851 1333 3925 radicem.
1348 3839 1405 3923 de·

442 3975 512 4031 tera
533 3957 659 4031 semina
680 3958 717 4030 in
739 3959 889 4050 summo,
909 3960 1038 4032 lasiuca
1063 3960 1186 4056 pariter
1208 3977 1411 4056 mergente,

442 4065 642 4163 prosiliunt,
654 4065 864 4164 singulorum
885 4066 1002 4164 sapore
1019 4065 1165 4141 servaro.
1188 4066 1257 4139 Alii
1271 4064 1403 4139 hoc'ita

442 4175 661 4269 assequuntur
680 4200 690 4247 ε
709 4177 845 4249 Avulsae
866 4175 1003 4248 lauucae
1019 4175 1114 4250 ,solia
1137 4191 1299 4267 carpunt,
1324 4200 1404 4273 quar

442 4279 609 4353 radicibus
622 4280 733 4375 juncta
751 4281 825 4355 sunt
836 4336 848 4374 ,
859 4284 900 4356 δι·
910 4283 947 4356 in
960 4281 1084 4356 eisdem
1098 4280 1254 4380 gradibus
1265 4279 1401 4357 surculo

442 4384 597 4487 paruis,
609 4410 730 4489 preter
741 4391 946 4491 raphanum,
960 4391 1085 4468 semina
1098 4387 1281 4488 supradicta
1292 4392 1401 4491 depo·
