3875 5759
589 943 663 1018 ,24
772 913 1381 992 viennensium.
1459 888 1461 891 ⁴

587 1078 656 1167 rit,
676 1061 825 1152 mittetur
841 1073 876 1145 in
896 1072 1056 1169 piscinam
1076 1074 1133 1147 vel
1147 1073 1274 1147 flumen
1293 1092 1349 1147 aut
1370 1075 1548 1163 mare,uti

588 1207 707 1278 natet,
725 1208 808 1258 cum
831 1181 1021 1277 sparteis&
1038 1184 1157 1278 pannis
1176 1184 1294 1258 vindo
1316 1186 1410 1282 pede.
1431 1186 1549 1281 postea

587 1281 791 1369 firmffiribus
811 1287 895 1362 cibis
913 1289 956 1361 ad
972 1288 1115 1385 saginam
1135 1290 1304 1386 pristinam
1325 1295 1549 1367 revocandus.

588 1406 624 1479 si
642 1400 762 1474 leviter
776 1397 926 1483 dolebit,
946 1396 1032 1470 vino
1051 1393 1091 1472 'cr
1104 1400 1184 1471 oleo
1198 1400 1365 1497 tepefado
1380 1402 1545 1498 perfrice-

583 1509 692 1583 turin
707 1506 799 1579 sole:
822 1506 847 1577 si
866 1505 1010 1579 validius
1027 1507 1179 1596 dolebit,
1197 1529 1337 1582 ventum
1358 1511 1393 1582 in
1413 1536 1545 1584 armum

587 1618 715 1696 mittito
733 1632 833 1714 atque
850 1616 1067 1711 pertundito,
1082 1616 1239 1690 asumma
1255 1619 1335 1711 juba
1354 1621 1442 1693 infra
1457 1621 1545 1718 digi-

585 1747 642 1802 tos
654 1728 752 1815 odio,
766 1750 809 1797 ne
821 1722 1046 1823 cartilaginem
1061 1719 1186 1821 tangas.
1201 1727 1244 1797 Et
1257 1752 1334 1799 cum
1346 1727 1545 1817 inflareris,

586 1835 695 1914 serula
714 1837 772 1912 ves
792 1837 888 1934 virga
905 1826 1007 1908 'molli
1019 1853 1145 1908 armum
1164 1836 1307 1924 caedito,
1323 1837 1387 1909 sale
1402 1839 1451 1911 &·
1462 1838 1547 1912 oleo

586 1948 795 2047 perfricato,
816 1943 891 2041 ipso
915 1944 970 2017 die
993 1944 1129 2041 possero
1156 1942 1270 2018 strada
1290 1945 1419 2035 uteris,
1445 1947 1550 2038 cujus

587 2061 660 2134 haec
679 2058 743 2131 erit
760 2054 964 2150 compositio
977 2082 988 2126 :
1001 2055 1124 2128 Similae
1144 2054 1304 2129 sextarios
1318 2058 1424 2144 duos,
1437 2058 1468 2127 sr-
1482 2059 1550 2129 de-

588 2168 735 2253 fuerint,
752 2163 892 2259 poilinis
912 2164 1036 2237 triticei
1048 2166 1210 2238 sextarios
1228 2166 1337 2256 duos,
1353 2191 1428 2238 cum
1446 2183 1548 2239 aceto

588 2279 659 2353 acri
680 2280 716 2350 bc
735 2298 811 2346 cum
825 2273 934 2344 tribus
953 2275 1033 2347 ovis
1054 2275 1205 2347 miscebis
1216 2300 1229 2361 ·;
1252 2274 1306 2347 sed
1320 2298 1471 2347 ovorum
1492 2277 1548 2349 so·
1588 2303 1591 2313 ¹

563 2442 565 2445 -
587 2386 658 2459 lum
676 2381 789 2454 album
812 2380 942 2452 mittes:
956 2379 1092 2474 adjicies
1106 2383 1205 2453 etiarn
1220 2384 1369 2478 pulveris
1382 2383 1468 2456 turis
1479 2408 1546 2488 un7

588 2497 676 2571 ciam
695 2490 800 2564 semis.
817 2513 896 2585 quae
909 2477 1024 2562 omnia
1042 2515 1143 2563 manu
1167 2490 1307 2589 subigis,
1323 2494 1361 2565 ὃ(
1374 2490 1409 2564 in
1433 2519 1546 2569 armos

587 2601 743 2688 inducis,
758 2602 796 2674 δι
810 2624 869 2692 per
882 2599 951 2671 dies
963 2600 1088 2671 multos
1108 2624 1238 2673 armum
1251 2627 1337 2697 aqua
1349 2601 1456 2674 calida
1468 2630 1546 2677 cum

587 2715 676 2787 dote
696 2710 783 2783 foeni
804 2709 939 2810 fovebis
967 2709 1167 2809 diiigenter,
1189 2699 1444 2805 ur'mollescat,
1466 2716 1547 2789 stra·

588 2826 674 2897 dam
695 2820 848 2919 quotidie
866 2818 1059 2917 imponito,
1080 2821 1221 2892 devino
1244 2847 1331 2917 puro
1347 2849 1476 2896 armum
1497 2826 1546 2896 la·

588 2950 694 3014 vato,
714 2930 883 3000 additurus
900 2947 1123 3024 unguentum:
1139 2932 1261 3002 Baccas
1273 2930 1357 3026 lauri
1373 2932 1544 3025 selibram,

588 3038 658 3112 olei
680 3035 877 3122 sextarium,
902 3036 974 3106 vini
999 3037 1083 3107 boni
1105 3037 1303 3128 sextarium,
1324 3041 1402 3110 nitri
1428 3044 1544 3115 uncias

590 3173 624 3244 3,
638 3144 692 3214 sed
714 3142 838 3211 nitrum
854 3146 890 3215 δι
911 3144 1029 3213 baccas
1045 3143 1127 3215 lauti
1147 3146 1183 3215 in
1199 3150 1370 3238 pulverem
1393 3151 1544 3247 rediges,

585 3259 627 3330 &
641 3248 818 3351 cribrabisff
826 3250 878 3317 Ex
895 3248 1013 3344 quoin
1033 3248 1101 3320 sole
1114 3304 1126 3337 ,
1147 3276 1224 3322 cum
1246 3254 1351 3322 calida
1366 3280 1472 3325 armus
1487 3257 1544 3327 fo·

587 3377 756 3436 mentatus
774 3355 874 3426 fuerit
884 3409 896 3445 ,
908 3355 1090 3452 inungatur
1103 3382 1145 3428 ex
1159 3359 1275 3452 tepido
1288 3414 1298 3446 ,
1314 3362 1544 3438 &diutissime

536 3494 539 3501 ·
588 3455 807 3546 confricetur.
825 3465 901 3536 Post
919 3463 1100 3561 syncrisma
1114 3466 1155 3537 ad
1173 3469 1341 3539 curandos
1359 3494 1468 3542 armos
1489 3471 1545 3543 in-

583 3578 722 3652 ducitur
738 3631 749 3663 ,
765 3578 803 3648 &
819 3600 896 3648 cum
910 3565 1028 3646 melius
1048 3575 1219 3662 habuerit,
1234 3594 1380 3656 natatum
1401 3579 1542 3656 mittito.

583 3689 695 3781 Quod
710 3687 734 3757 fi
747 3684 883 3780 ejecerit
896 3682 994 3779 juxta
1006 3685 1283 3758 consuetudinem
1303 3689 1344 3758 ad
1361 3708 1471 3762 rotam
1485 3717 1556 3763 ar·-

582 3824 679 3871 mum
690 3852 702 3883 ,
713 3791 890 3891 reposito,
910 3799 946 3868 &
960 3793 1057 3889 supra
1074 3792 1201 3889 scriptis
1214 3797 1465 3871 medicamentis
1479 3826 1543 3872 cu·

583 3930 671 3980 cato.
683 3903 716 3975 si
738 3929 807 3975 non
830 3903 985 3994 senserit,
1002 3901 1155 3975 ultimum
1174 3903 1242 3988 esi,
1258 3925 1295 3976 ut
1312 3925 1432 3978 uratur.
1447 3909 1544 3981 Armi

582 4014 716 4085 doloris
730 4014 800 4084 haec
813 4011 888 4082 sunt
901 4013 1014 4108 signa:
1026 4009 1144 4082 Pedem
1158 4012 1302 4107 priorem
1317 4034 1448 4089 tentum
1457 4036 1542 4115 qua·

585 4124 611 4196 si
631 4123 772 4219 rigidum
794 4119 897 4194 aforis
915 4120 1070 4197 extrahit.
1094 4120 1149 4191 sed
1162 4122 1326 4194 convenit
1345 4125 1464 4220 inspici
1489 4127 1541 4199 di·

579 4233 747 4330 digenter,
759 4248 924 4303 utrum'ex
946 4229 1134 4332 percussura
1147 4232 1201 4311 vel
1215 4232 1289 4303 casu
1303 4238 1445 4328 coeperit
1459 4261 1541 4310 cau.

580 4341 643 4430 sa;
666 4346 704 4415 &
724 4343 806 4415 sier
829 4338 953 4434 jedura
975 4337 1095 4431 fuerit,
1118 4340 1209 4437 prius
1236 4340 1321 4415 locis
1343 4344 1409 4416 suis
1432 4371 1539 4441 repo·
1595 4415 1600 4426 ,
