3875 5759
600 946 731 1023 auru
756 914 969 1018 varenis.
995 942 1095 1013 siun
1121 943 1305 1057 upton.
1363 970 1430 1034 411

481 1106 527 1180 ris
551 1102 687 1177 sloracis
708 1104 819 1176 rubeae
841 1102 1057 1191 uncianum,
1075 1101 1222 1200 myrrhae
1246 1101 1441 1199 trogloditis

482 1213 597 1289 uncias
618 1215 719 1301 diras,
741 1210 951 1308 opopanacis
974 1209 1090 1283 'uncias
1113 1211 1216 1295 duas,'
1240 1210 1440 1310 irisrllyricae

483 1324 598 1396 uncias
609 1325 708 1412 duas,
720 1322 852 1421 galbani
867 1321 988 1394 uncias
1001 1321 1098 1410 duas,
1116 1321 1230 1393 refinae
1242 1321 1441 1396 terbentinae

485 1435 601 1509 uncias
629 1425 722 1524 tres,
745 1435 855 1527 herbe
882 1430 1137 1531 symphoniacae
1161 1430 1294 1505 unciam
1314 1449 1443 1535 unamj

484 1545 609 1642 pariter
629 1545 824 1618 commisces
844 1547 882 1617 dc
903 1545 1052 1630 deteret,
1074 1540 1221 1638 paslillos
1244 1541 1344 1616 facies
1366 1567 1444 1616 cum

486 1654 595 1726 melle.
628 1656 790 1730 Praeterea
820 1652 971 1750 axungiae
1004 1651 1122 1724 libram
1153 1648 1279 1738 semis,
1308 1649 1445 1729 Caricas

489 1765 705 1861 quindecim,
728 1766 860 1861 pineam
890 1759 1125 1848 combustam,
1147 1762 1184 1835 δι
1202 1759 1242 1855 Ιἰη
1267 1760 1446 1855 pulverem

487 1874 676 1963 redaslam,
698 1872 891 1974 liquaminis
913 1868 1037 1965 optimi
1060 1867 1259 1955 heminam,
1277 1869 1385 1940 mellis
1406 1870 1447 1941 li·

488 1981 582 2053 bram
611 2008 688 2057 cum
720 1979 895 2056 cauliculis
919 1975 1093 2066 excoctis,
1121 1976 1205 2049 offas
1233 1974 1387 2065 faciunt,
1410 1978 1449 2049 dc

488 2117 566 2166 cum
589 2092 681 2186 passo
705 2093 878 2186 degerunt.
900 2085 1076 2181 Aliquanti
1100 2086 1231 2159 hederae
1251 2085 1352 2172 folia,
1367 2084 1450 2160 item
1560 2103 1562 2116 ·

489 2200 611 2294 populi
634 2198 701 2269 albi
716 2196 819 2285 folia,
835 2217 935 2292 aequo
956 2194 1107 2290 pondere
1130 2194 1304 2282 deterunt,
1318 2196 1355 2268 δι
1370 2217 1450 2268 cum
1543 2241 1546 2248 ·

492 2309 578 2379 vino
592 2308 671 2379 albo
685 2333 744 2404 per
758 2331 851 2383 nares
870 2303 1068 2378 defundunt.
1087 2304 1155 2379 Alii
1170 2326 1253 2378 rutae
1275 2305 1451 2381 soliacum

443 2410 446 2417 ’
491 2414 591 2486 melle
613 2415 765 2502 deterunt
778 2468 789 2502 ,
802 2417 840 2487 δι
853 2440 929 2489 cum
946 2414 1033 2486 vino
1054 2414 1188 2511 optimo
1202 2440 1265 2509 per,
1278 2438 1372 2488 nares
1393 2414 1453 2487 de·

491 2509 648 2599 fundunt.
666 2524 752 2599 Alia.
778 2523 981 2597 Cucumeris
1003 2522 1144 2595 silvatici
1165 2522 1248 2594 solia
1264 2522 1365 2599 foeno
1385 2521 1453 2593 mi·
1554 2519 1560 2537 ‘

492 2634 605 2725 seem,
623 2635 836 2731 radicemque
854 2634 957 2728 ipsius
974 2631 1214 2718 contundunt,
1232 2632 1270 2705 ὅτ
1292 2656 1369 2704 cum
1390 2628 1454 2704 lini

493 2742 616 2817 semine
635 2746 673 2816 dc
693 2743 825 2815 hordeo
841 2739 1025 2813 commixta
1039 2737 1195 2811 offerunt.
1209 2739 1454 2835 Experimento
1483 2825 1487 2835 ¹

492 2852 674 2947 probatum
698 2848 744 2920 ell
760 2847 871 2919 tuffim
898 2845 1141 2942 suspiriumque
1171 2843 1309 2934 sanare,
1334 2845 1360 2919 st
1386 2845 1456 2919 suls·

493 2959 584 3056 phur
600 2957 718 3029 vivum
742 2957 779 3028 δι
795 2954 1017 3026 rosmarinum
1033 2953 1225 3028 cummellc
1240 2957 1278 3028 δι
1293 2954 1379 3028 vino
1395 2979 1455 3028 ve·

494 3066 558 3139 teri
579 3089 638 3160 per
659 3063 817 3134 sinisiram
834 3088 947 3136 narem
964 3064 1110 3161 degeres.
1135 3065 1307 3162 Aliquanti
1322 3061 1456 3161 panacis

496 3173 641 3245 radicem
664 3171 817 3243 detritam
838 3196 914 3245 cum
935 3170 1008 3245 vini
1031 3172 1154 3267 optimi
1176 3173 1310 3246 hemina
1333 3176 1374 3264 ὃς
1396 3174 1457 3248 tri·

497 3279 559 3354 bus
583 3281 718 3381 cyathis
744 3281 837 3369 olei,
862 3305 921 3377 per
940 3305 1103 3355 cavernas
1130 3281 1220 3355 naris
1242 3282 1378 3355 srnislrae
1401 3283 1458 3356 in·

498 3392 655 3468 fundunt.
671 3393 831 3463 Praeterea
848 3389 1025 3462 rosmarini
1047 3390 1159 3488 scrup.
1176 3411 1343 3490 quatuor,
1357 3418 1458 3491 myr-

498 3503 568 3577 rhae
581 3500 754 3594 scrupulos
768 3500 873 3584 duos,
890 3522 968 3569 cum
984 3498 1059 3571 vini
1077 3502 1200 3574 veteris
1212 3502 1376 3590 sextario,
1387 3501 1459 3577 olei

501 3609 654 3694 hemina,
669 3632 728 3702 per
746 3632 841 3679 nares
855 3607 971 3679 triduo
993 3606 1200 3702 defundunt,
1221 3613 1267 3685 ita
1285 3631 1323 3686 ut
1346 3613 1382 3684 in
1403 3611 1458 3684 die

499 3722 600 3795 detur
619 3717 764 3790 hemina.
779 3716 904 3788 Anethi
923 3717 1459 3818 acetabulum‚irisrllyricaeace·

501 3830 675 3916 rabulum,
697 3846 779 3899 rutae
795 3825 988 3923 scrupulum
1004 3854 1132 3917 unum,
1146 3830 1213 3904 olei
1226 3830 1391 3902 heminam
1405 3829 1460 3901 di·

503 3941 641 4015 midiam
662 3963 720 4033 per
741 3963 781 4012 os
800 3939 966 4037 digerunt.
988 3939 1167 4036 Sulpicium
1181 3965 1321 4039 quoque
1334 3967 1373 4016 ac
1387 3939 1460 4013 tus·

504 4052 564 4123 sim
578 4050 727 4138 relevat,
748 4048 906 4122 firadicis
923 4050 1011 4124 mori
1031 4050 1222 4145 scrupulum
1240 4075 1345 4123 unum
1356 4102 1367 4137 ‚
1380 4051 1460 4123 her·

505 4162 557 4234 bae
575 4159 773 4255 heliotropii
790 4161 904 4233 uncias
923 4180 1013 4250 tres,
1034 4160 1209 4259 diligenter
1230 4179 1408 4249 conteras,
1421 4165 1461 4238 δι

506 4293 586 4343 cum
605 4266 738 4340 hemina
760 4269 831 4341 vini
851 4269 985 4341 candidi
1004 4291 1120 4366 perus
1142 4268 1311 4342 defendas.
1329 4270 1461 4344 Recens

506 4399 645 4484 quoque
658 4376 748 4455 tusses
768 4378 998 4478 experimento
1014 4378 1199 4456 curationis
1218 4375 1357 4452 sedatur.
1370 4381 1460 4455 Len·
