3875 5759
555 940 625 1015 492
727 914 1439 993 ausonii-nonum*

555 1105 620 1171 quo
639 1080 674 1147 in
688 1076 980 1172 Hispaniaseruore
995 1079 1085 1180 musti
1097 1099 1200 1169 rupta.
1212 1077 1359 1165 Sfflffl,
1376 1097 1530 1169 nom,

553 1185 723 1259 interdum
746 1203 841 1257 erant
866 1184 981 1257 decem
1007 1185 1245 1282 amphorarum
1267 1187 1446 1280 capacia,
1468 1188 1531 1283 ali·

554 1295 693 1389 quando
716 1292 856 1374 minora.
881 1293 963 1363 Haec
987 1291 1227 1365 oblinebanrur
1250 1294 1288 1365 bc
1307 1293 1530 1388 oppicaban·

554 1420 611 1474 rur
622 1402 771 1488 cortice,
789 1393 862 1495 pice
874 1401 912 1473 δι
923 1400 1047 1489 resina,
1067 1426 1110 1473 ne
1126 1400 1245 1473 vinum
1260 1399 1422 1497 firgeret,
1439 1406 1529 1478 unde

555 1512 686 1582 oblinire
698 1514 786 1581 dolia
800 1508 846 1581 est
868 1510 1048 1596 obturare,
1062 1512 1100 1582 &
1125 1531 1246 1581 courra
1267 1510 1397 1581 relinire
1410 1510 1460 1581 est
1475 1536 1528 1584 re·

554 1618 681 1716 lignare
711 1622 750 1692 δι
778 1621 918 1715 aperire.
939 1622 1077 1692 Terent.
1104 1620 1289 1704 Heautont.
1314 1626 1415 1695 releva·
1440 1625 1527 1694 dolia

428 1747 430 1752 '
551 1734 683 1820 omnia,
705 1758 810 1804 omnes
821 1733 938 1827 serias.
958 1731 1173 1824 Quamquam
1194 1727 1230 1798 in
1255 1727 1360 1800 doliis
1382 1732 1424 1803 δι
1439 1731 1528 1803 seriis

551 1838 652 1912 etiam
676 1838 842 1913 frumenta
862 1839 1115 1927 condebantur,
1136 1857 1174 1912 ut
1195 1836 1334 1910 restatur
1357 1833 1454 1912 Cato
1473 1869 1528 1933 11,

551 1951 592 2024 δι
614 1951 747 2047 Ulpian.
770 1950 820 2023 tit.
844 1951 885 2022 de
909 1950 1001 2023 verb.
1020 1946 1135 2044 lignis:
1145 1947 1168 2020 1.
1190 1953 1278 2034 206,
1293 1952 1330 2023 ὁ(
1355 1951 1430 2025 hoc
1457 1980 1526 2026 am·

397 2147 399 2154 .
473 2086 476 2092 ·
552 2057 761 2154 plius,dolia
775 2079 869 2131 erant
881 2061 1016 2147 olearia,
1030 2061 1228 2146 amurcaria,
1238 2060 1437 2148 meinata,
1452 2087 1529 2159 quae

552 2168 658 2244 acinis
674 2170 812 2240 liberata
827 2168 922 2254 sunt,
936 2166 996 2237 ubi
1009 2166 1151 2239 mullum
1166 2164 1345 2242 deferbuit.
1362 2170 1460 2246 Caro
1475 2175 1529 2246 26.

602 2263 710 2350 x'vu.
732 2276 869 2347 Minora
891 2273 967 2350 vasa
982 2273 1111 2347 vinaria
1125 2274 1198 2347 sunt
1212 2294 1345 2349 cauus
1370 2279 1447 2350 five
1462 2306 1528 2353 me·

552 2402 679 2469 treres,
702 2382 761 2478 qui
780 2382 935 2455 continet
957 2406 1058 2454 urnas
1077 2383 1181 2470 duas,
1206 2383 1284 2470 vel,
1301 2403 1341 2455 ur
1363 2389 1528 2463 nonnulli

552 2493 714 2581 censent,
738 2509 804 2563 tres
826 2515 904 2564 cum
924 2489 1071 2564 dimidia.
1096 2498 1300 2564 Amnnour
1314 2548 1324 2584 ,
1340 2492 1503 2574 croam
1515 2555 1528 2592 ,

552 2620 726 2693 cronno,
742 2620 939 2689 concur,
954 2620 1068 2702 rum
1081 2653 1092 2690 ,
1106 2601 1181 2674 vasa
1196 2598 1311 2675 ficlilia
1325 2609 1384 2678 vel
1400 2610 1527 2701 vitrea,

553 2711 590 2784 in
611 2737 688 2808 quae
712 2711 830 2785 vinum
851 2710 986 2785 edolio
1011 2713 1067 2785 vel
1082 2736 1170 2806 cupa
1189 2709 1472 2806 desundcbatur‚
1491 2745 1528 2793 ac

553 2824 701 2898 vetustas
717 2849 754 2897 ac
771 2822 930 2896 nobilitas
947 2822 1034 2895 vino
1047 2821 1168 2895 diffuso
1180 2824 1425 2919 quaerebatur,
1440 2832 1527 2905 obfi-

553 2934 662 3031 gnatis
684 2932 770 3006 vasls
780 2986 791 3022 ,
803 2934 841 3006 bc
854 2932 889 3003 in
904 2931 1026 3005 tabella
1041 2930 1195 3027 apposito
1209 2932 1353 3005 nomine
1374 2937 1455 3009 vini
1468 2941 1527 3026 ,δε

554 3068 699 3116 numero
710 3042 894 3116 consularis
908 3040 1010 3131 anni,
1025 3060 1065 3113 ur
1085 3041 1172 3137 apud
1188 3041 1328 3140 Patron.
1344 3049 1525 3143 amphora

554 3150 673 3220 virreae
687 3149 836 3244 gypsatae
853 3150 963 3223 affixis
979 3150 1124 3245 pittaciis
1145 3176 1221 3224 cum
1235 3151 1302 3225 hoc
1318 3152 1429 3228 ritulo
1441 3185 1451 3231 ε
1465 3179 1525 3231 FA-

555 3276 717 3327 nanuum
739 3275 974 3334 onmrrnuunr
994 3277 1201 3331 ἈΝΝοιιυΜ
1227 3281 1412 3339 caurum.
1438 3270 1524 3338 Pro·

554 3366 650 3439 culus
672 3365 723 3437 tir.
743 3365 784 3437 de
808 3365 876 3438 trit.
896 3366 983 3438 vino
1007 3371 1046 3441 δι
1072 3367 1154 3441 oleo
1184 3369 1247 3467 leg.
1274 3378 1470 3466 Amphoras
1495 3373 1523 3447 l>

556 3484 671 3568 cados,
684 3481 719 3549 in
741 3483 851 3573 quibus
867 3484 945 3552 vina
965 3480 1085 3579 diffusa
1099 3483 1288 3575 servantur,
1310 3489 1436 3579 legatos
1460 3487 1524 3585 effe.

413 3636 421 3652 .
555 3590 676 3660 Horat.
700 3588 849 3660 Carmin.
871 3615 914 3686 3:
942 3595 1089 3662 Corsicam
1105 3591 1278 3689 adstric‘lum
1291 3596 1362 3686 pice
1386 3601 1526 3670 dimove·

555 3702 604 3769 bis
619 3701 788 3789 Amphora
796 3697 925 3787 firmum
938 3704 1034 3771 bibere
1051 3701 1207 3799 instituto.
1221 3700 1310 3772 ldem
1326 3702 1417 3798 epist
1440 3732 1473 3795 1,
1490 3732 1526 3802 5:

559 3815 647 3880 Vina
668 3812 750 3880 bibes
768 3815 877 3883 iterum
903 3815 1007 3885 Tauro
1032 3811 1165 3911 diffusa.
1189 3811 1359 3888 luvenalis
1387 3842 1402 3913 5
1422 3843 1433 3890 a
1460 3820 1527 3913 lpse

556 3924 707 4014 capillato
725 3919 879 4018 diffusm
897 3926 1018 4019 consule
1033 3948 1135 4018 porat.
1158 3923 1246 4004 Hinc
1261 3927 1373 3997 vinum
1394 3931 1526 4003 Dolio-

466 4029 469 4036 ’
557 4058 608 4118 re,
625 4027 721 4125 quod
739 4029 773 4102 in
798 4031 896 4104 doliis
914 4033 961 4105 est
973 4073 986 4118 ,·
1006 4033 1089 4105 dixit
1109 4034 1247 4131 Ulpian.
1269 4036 1319 4107 tit.
1348 4036 1393 4109 de
1419 4042 1527 4136 peric.

556 4137 734 4209 &comm
751 4135 800 4209 rei
821 4137 922 4209 vend.
934 4143 1200 4234 Amplorarium,
1215 4140 1310 4237 quod
1324 4140 1362 4231 in
1380 4149 1527 4244 ampho-

556 4268 609 4317 ras
624 4244 781 4318 diffusum
802 4245 865 4336 est,
883 4247 971 4319 idem
989 4250 1039 4320 tit.
1060 4249 1101 4321 de
1122 4250 1189 4322 trit.
1207 4250 1305 4336 vino,
1329 4252 1390 4325 Est
1412 4276 1526 4331 aurem

558 4357 707 4446 amphora
723 4379 742 4429 e
757 4357 881 4431 Graeco
894 4368 1023 4458 asulfo,
1034 4357 1278 4457 continetque,¹
1294 4366 1526 4461 quemadmo-
