3875 5759
483 927 557 1003 260
668 920 1004 996 VEGETII
1051 923 1181 996 LIB.
1232 925 1258 996 1.

656 1044 673 1072 s

482 1083 648 1175 deniffis,
664 1080 795 1156 tristitia
813 1078 921 1179 turpis
942 1082 981 1155 δι
999 1082 1147 1180 gravitas
1167 1081 1273 1156 totius
1289 1082 1448 1177 corporis

479 1194 692 1293 insequitur,
726 1190 867 1263 testiculi
886 1191 1099 1265 -tumidiores
1133 1192 1241 1265 laxius
1270 1194 1449 1289 pendent,

480 1297 988 1389 membra·caloribus·fervent,
1008 1324 1108 1373 venae
1131 1302 1325 1375 vehementi
1348 1299 1450 1397 pulsu

481 1415 626 1500 saliunt,
644 1404 1016 1514 anhelitusquecteber
1042 1410 1081 1483 &
1103 1410 1253 1498 calidus,
1276 1411 1368 1483 tussis
1391 1409 1448 1482 as·

480 1521 597 1607 sidua,
617 1516 759 1590 incessus
774 1534 915 1608 nutans,
931 1515 1099 1590 fastidium
1124 1519 1191 1592 cibi
1203 1572 1214 1607 ,
1228 1518 1363 1591 bibendi
1384 1543 1446 1591 cu-

480 1627 627 1725 piditas,
648 1626 775 1724 vigiliae
792 1624 896 1723 juges.
914 1624 1020 1699 Causa
1040 1645 1150 1699 autem
1171 1626 1272 1722 hujus
1287 1627 1447 1722 passionis

479 1760 525 1810 ex
544 1760 668 1836 magno
687 1737 804 1808 labore
825 1733 1084 1832 &xsatigatione
1109 1736 1177 1827 est,
1199 1739 1224 1809 sr
1244 1738 1449 1835 negligentia

481 1845 720 1941 consequatur.
743 1844 914 1917 Interdum
928 1840 1008 1915 aesiu
1029 1843 1157 1934 nimio,
1168 1862 1222 1917 aut
1237 1847 1449 1942 perstudio-

436 1989 440 1998 ·
480 1982 527 2032 ne
549 1957 763 2043 vehementi,
778 1955 891 2029 velex
906 1953 1068 2029 cruditate
1083 1956 1237 2030 ciborum
1248 1975 1326 2048 ,aut
1342 1955 1447 2028 sudo·

481 2178 567 2253 velli
588 2176 728 2249 evenire
755 2174 947 2274 consuevit.
970 2173 1115 2247 Curatio
1135 2192 1246 2269 autem
1268 2172 1326 2243 isia
1355 2172 1448 2244 sole·

481 2284 572 2359 mnis
595 2282 653 2355 est.
671 2281 852 2378 Continuo
875 2282 1068 2380 sanguinem
1081 2285 1130 2356 eis
1148 2283 1190 2355 de
1208 2281 1294 2356 sacie
1308 2284 1388 2372 ,vel
1404 2278 1455 2355 de

482 2390 721 2489 temporibus,
746 2410 804 2463 aut
825 2389 940 2486 palato
960 2409 1101 2486 oportet
1123 2390 1255 2481 emitti,
1280 2392 1323 2463 ab
1350 2390 1450 2466 omni

391 2525 394 2530 ·
481 2500 559 2574 esca
582 2498 688 2596 prima
708 2497 762 2570 die
783 2497 920 2595 penitus
933 2497 1116 2586 abstineri,
1138 2498 1225 2591 foeni
1244 2500 1367 2594 optimi
1388 2520 1450 2575 aut

479 2610 597 2686 herbae
617 2608 737 2683 viridis
750 2607 888 2681 subinde
901 2606 1055 2706 pusillum
1070 2608 1186 2681 offerti
1205 2609 1396 2705 oportebit,
1409 2611 1450 2683 &

481 2718 653 2818 quiescere
673 2717 771 2792 etiarn
790 2716 833 2791 ab
849 2717 1011 2792 omnibus
1022 2717 1143 2811 rebus,
1160 2721 1198 2793 δι
1218 2707 1317 2790 etiam
1333 2720 1450 2815 seque·
1497 2792 1501 2799 ,

482 2828 621 2903 sitarum
641 2844 829 2925 temperato
856 2840 1034 2924 tempore,
1060 2827 1099 2901 &
1125 2826 1450 2901 inambulationibus

482 2938 619 3040 levibus
644 2936 769 3008 animal
797 2934 1037 3024 commoveri,
1058 2934 1173 3011 calidis
1197 2961 1336 3033 quoque
1359 2936 1449 3009 locis

482 3063 688 3141 coopertum
708 3042 871 3116 slabulari.
881 3046 968 3116 Cum
984 3044 1131 3139 ’coeperit
1143 3046 1263 3119 melius
1274 3046 1356 3136 esse,
1369 3048 1448 3119 lter·

443 3146 448 3153 ¹
481 3158 560 3232 bam
580 3151 773 3240 minutatim
798 3150 968 3223 concisam
986 3149 1166 3247 porrigito.
1187 3161 1264 3250 quae
1285 3155 1308 3225 sr
1329 3154 1448 3228 defue-

483 3263 549 3351 rit,
563 3259 730 3332 hordeum
748 3274 977 3362 maceratum,
997 3259 1175 3356 ablatisque
1198 3262 1262 3334 suis
1281 3264 1448 3339 folliculis

483 3372 616 3460 tusum,
638 3367 673 3440 in
698 3369 842 3468 modum
859 3366 996 3465 ptisanae
1018 3370 1178 3467 paulatim
1198 3371 1386 3467 offeratur,
1408 3378 1449 3452 &

484 3480 678 3576 frequenter
698 3474 871 3572 exiguum.

531 3587 648 3661 XXX.
667 3585 867 3682 Plerumque
879 3602 990 3659 autem
1011 3583 1091 3685 equi
1103 3584 1191 3659 ultra
1204 3586 1293 3664 vires
1311 3590 1352 3663 ad
1366 3615 1447 3664 cur·

483 3689 556 3775 suin
574 3695 705 3783 coadi,
723 3714 781 3767 aut
800 3694 1007 3790 ponderibus
1027 3695 1249 3792 praegravati,
1269 3723 1309 3773 ac
1323 3698 1448 3773 sudore

484 3806 631 3897 desedi,
652 3803 768 3877 similia
797 3802 1060 3878 febricitantibus
1090 3804 1180 3900 srgna
1205 3808 1449 3885 demonstrant.

483 3924 585 4015 Quos
611 3917 656 3991 stc
687 3914 877 4008 intelliges:
902 3914 1011 3988 Oculi
1030 3913 1298 3990 sublactimantes
1321 3941 1449 4011 erunt,

484 4010 530 4106 bc·
554 4046 713 4124 tanquam
742 4021 866 4096 subfusr
893 4023 1074 4122 sanguine,
1102 4046 1260 4121 praeterea
1289 4025 1447 4121 spiritum

484 4139 642 4215 crebrius·
650 4138 768 4235 agitat,
782 4136 981 4233 foenumque
995 4136 1140 4227 fastidit,
1155 4142 1192 4213 &
1212 4139 1253 4209 de
1273 4138 1446 4235 posterio-

461 4251 742 4347 ·ribus‚.pedibus
771 4249 891 4321 melius
918 4248 951 4322 se
979 4248 1180 4330 sustentabit.
1205 4275 1285 4327 nam
1311 4252 1445 4351 primos

482 4357 574 4457 quasi
594 4356 754 4437 subtritos
774 4356 900 4434 tardius
919 4356 1032 4461 ponit.
