3875 5759
589 906 739 958 220.
859 846 1308 984 rnatu-mos
1407 973 1414 990 ι

530 1047 532 1052 ’
584 1043 721 1132 titulos,
734 1065 808 1116 curu
829 1038 948 1111 eisdem
972 1037 1178 1132 paffionibus
1199 1037 1260 1109 alia
1279 1032 1539 1109 remediaittcaf·

585 1150 676 1245 pite,
698 1149 760 1221 alia
780 1148 996 1219 inveniantur
1008 1144 1136 1218 in‘fine.
1153 1147 1294 1217 Additur
1311 1144 1430 1232 etiam,
1443 1144 1541 1239 quod

584 1256 794 1352 {ludio-lucri
816 1258 968 1355 quaedam
990 1258 1034 1329 ita
1057 1259 1132 1328 sunt
1147 1260 1341 1354 composttae
1361 1257 1542 1354 potiones,

586 1389 624 1440 ut
654 1367 794 1458 pretium
816 1390 955 1437 enorme
980 1366 1214 1462 contineant,¹
1229 1370 1265 1441 δι
1292 1393 1382 1441 curae
1409 1364 1542 1437 taxatio

584 1475 734 1548 animalis
756 1474 1011 1547 estimationem
1035 1501 1141 1572 prope
1159 1467 1311 1548 videatur
1330 1493 1481 1572 aequaret
1502 1490 1542 1546 ut

583 1584 779 1681 plerumque
798 1608 851 1656 aut
866 1588 955 1681 parci
971 1585 1127 1658 homines
1142 1649 1147 1657 .
1162 1607 1216 1656 aut
1231 1605 1320 1659 certe
1340 1586 1544 1680 prudentes,

583 1695 738 1767 animalia
762 1697 817 1768 sua
840 1695 978 1778 canibus
1002 1695 1123 1766 dedant
1135 1746 1146 1779 ,
1160 1714 1216 1765 aut
1232 1720 1251 1766 a
1268 1694 1425 1765 damnosa
1442 1718 1543 1765 cura-

585 1804 679 1877 tione
697 1803 910 1884 dillimulent.
932 1800 1186 1878 {litteralibus
1208 1801 1392 1872 rationibus
1414 1800 1544 1871 invita·
1604 1853 1609 1864 ,

500 1912 502 1914 ’
584 1930 660 1998 tus,
680 1936 756 1983 cum
776 1912 818 1982 ab
841 1910 941 1982 initio
956 1908 1061 1982 aetatis
1075 1907 1273 1980 alendorum
1293 1928 1456 2001 equorum
1472 1906 1545 1975 slu-

584 2020 645 2092 dio
660 2016 855 2115 flagrarem,
873 2022 961 2092 lianc
987 2042 1126 2113 operam
1150 2042 1221 2088 non
1241 2015 1369 2087 invitus
1389 2012 1545 2106 arripui,

584 2150 624 2200 ut
644 2128 818 2200 conduslis
839 2128 871 2197 in
893 2154 996 2199 unum
1016 2127 1143 2199 Latinis
1165 2128 1332 2197 dumtaxat
1351 2121 1545 2195 aulloribus

560 2232 562 2236 ’
585 2236 771 2325 universis,
791 2235 949 2308 adhibitis
967 2235 1066 2307 etiam
1085 2235 1340 2320 mulomedicis,
1355 2234 1392 2307 ὅ(
1404 2230 1545 2305 medicis

584 2368 656 2413 non
678 2342 802 2415 omiffis
828 2346 929 2433 (nam
950 2343 1224 2414 mulomedicinae
1239 2342 1389 2413 doslrina
1409 2341 1452 2409 ab
1473 2362 1545 2417 arte
1594 2358 1596 2362 ’

585 2452 760 2536 medicinae
775 2478 845 2525 non
860 2452 946 2525 adeo
964 2452 999 2523 in
1013 2452 1126 2524 multis
1141 2451 1323 2547 discrepat,
1338 2452 1437 2523 sedin
1457 2452 1545 2523 mul·

586 2566 629 2638 tis
649 2563 864 2661 plurimisque
884 2564 1078 2662 consentit)
1098 2564 1310 2659 inquantum
1330 2565 1548 2639 mediocritas

587 2670 713 2771 ingenii
734 2674 881 2767 patitur,
905 2673 1005 2769 plene
1024 2698 1063 2747 ac
1089 2672 1238 2745 breviter
1254 2670 1370 2744 omnia
1396 2672 1547 2766 epitome

587 2797 818 2879 congererem.
839 2785 926 2855 Nam
939 2783 963 2853 st
976 2781 1045 2853 laus
1066 2781 1173 2878 prima
1186 2782 1396 2853 medicorum
1413 2780 1477 2868 est,
1489 2805 1547 2876 ge·

588 2916 652 2964 nus
672 2892 879 2987 aegritudinis
891 2893 926 2980 in
952 2891 1092 2965 homine
1108 2892 1270 2986 reperire,
1285 2891 1342 2989 qui
1363 2891 1547 2986 passionem

586 2996 676 3069 suam
694 2999 733 3068 δι
755 3023 857 3068 manu
881 3000 991 3089 potest
1009 3003 1046 3072 dt
1068 3023 1157 3071 voce
1173 3000 1318 3095 signare,
1332 3021 1461 3093 quanto
1475 3023 1548 3071 ma·

587 3100 636 3197 gis
661 3100 696 3169 in
729 3101 993 3173 mulomedicina
1022 3104 1237 3175 necessarium
1269 3106 1414 3176 ereditur
1441 3128 1566 3200 genus⁴

588 3205 795 3302 egritudinis
817 3207 930 3291 nolle,
954 3232 1031 3278 cum
1053 3227 1184 3279 mutum
1203 3209 1243 3277 stt
1267 3209 1446 3283 animal&
1473 3237 1547 3285 non

589 3316 690 3413 possit
710 3316 887 3413 proprium
907 3313 1055 3388 indicate
1077 3305 1271 3413 languorem
1285 3319 1353 3403 ,ἃ
1375 3321 1417 3389 ab
1437 3320 1549 3413 impe.

590 3424 662 3526 ritis
686 3426 728 3497 ad
751 3449 839 3519 opus
862 3424 1004 3522 aliquod
1024 3424 1241 3522 laboremque
1265 3446 1424 3521 cogatur,
1439 3430 1548 3524 gemi-

591 3557 740 3628 numque
755 3531 868 3605 subeat
888 3558 930 3603 ex
945 3535 1068 3605 morbo
1084 3531 1332 3631 &fatigatione
1349 3533 1547 3624 discrimen3

590 3661 647 3715 aut
668 3663 759 3739 terte
778 3644 961 3741 negledlum
979 3642 1163 3717 inveterata
1184 3645 1380 3743 aegritudine
1405 3666 1550 3743 nequeat

591 3749 671 3828 sero
684 3751 807 3825 curari.
831 3752 886 3824 Sic
906 3754 1107 3826 Mantuanus
1124 3773 1224 3848 poeta
1243 3751 1364 3860 diqino
1379 3780 1439 3827 ore
1452 3756 1549 3842 testa·
1583 3835 1587 3842 ,

591 3882 669 3935 tur:
688 3866 868 3936 Morborum
884 3894 1000 3959 quoque
1011 3891 1039 3937 to
1051 3868 1161 3960 causat
1176 3862 1314 3966 &figito
1327 3872 1448 3940 docebo.
1464 3863 1549 3939 Abs·

592 4000 661 4067 que
681 3975 789 4046 dubio
805 3992 915 4047 autern
932 3976 1043 4049 omnis
1056 4002 1134 4059 cura
1153 3979 1307 4065 vacabit,
1324 3977 1346 4048 st
1361 4003 1462 4072 genus
1474 3978 1551 4073 pas·

595 4083 698 4155 lionis
719 4078 907 4180 ignoretur}
928 4086 979 4155 Ex
1003 4084 1095 4155 inani
1112 4084 1321 4181 persuasione
1345 4084 1426 4156 illud
1446 4111 1548 4183 gene·

596 4210 690 4262 ratur
705 4190 1030 4277 incommodum‚ut
1049 4193 1293 4268 bonelliffimus
1310 4193 1448 4288 quisque
1470 4220 1546 4267 eru·

591 4299 801 4376 ¹bescendum
822 4324 861 4376 ac
874 4300 941 4404 vile
962 4300 1073 4379 eredat
1088 4299 1316 4410 jumentorum
1330 4302 1422 4381 nolle
1440 4304 1547 4378 medi·
