3875 5759
532 873 668 949 unns
686 815 910 988 uernum.
936 851 1038 947 uve
1064 875 1251 948 muron.
1311 817 1390 974 2¹77*
1532 921 1539 926 .

445 1066 447 1081 ·
465 1036 547 1106 Llll.
563 1034 597 1105 si
609 1034 705 1131 quod
723 1011 912 1128 jumentum
928 1032 1192 1132 syncopaverit,
1212 1032 1262 1105 his
1273 1058 1382 1131 agno·
1416 1015 1435 1030 ”
1578 1133 1581 1141 Ι

416 1142 519 1216 scitur
539 1143 639 1241 signis
648 1137 662 1217 ἐ
677 1144 806 1243 Pigrius
823 1143 1034 1234 ambulabit,
1049 1162 1207 1240 tanquam
1224 1142 1382 1218 suffusio-¹

418 1280 463 1328 ne
488 1254 717 1332 constrislum.
739 1262 830 1329 lnter
850 1253 991 1326 suffusos
1013 1273 1125 1354 autem
1140 1255 1191 1345 ¹&
1210 1252 1384 1353 syncopa·

418 1380 474 1435 tos
491 1361 565 1434 haec
577 1361 731 1435 distantia
745 1361 791 1436 esl
799 1415 812 1453 ,
826 1379 864 1434 ut
882 1361 1015 1447 suffusi,
1029 1362 1109 1435 licet
1122 1360 1248 1433 tardius
1260 1386 1279 1432 a
1292 1380 1386 1434 terra

415 1472 535 1557 levent
555 1470 855 1567 pedes,fledentes
869 1497 968 1546 crura
982 1472 1139 1546 incedere
1153 1471 1263 1543 solent
1264 1496 1284 1568 ,²
1301 1470 1382 1568 syn·
1417 1554 1418 1557 Ἴ
1536 1487 1539 1491 ·
1576 1533 1582 1540 .

418 1577 536 1672 copati
559 1601 671 1651 autem
692 1579 851 1655 universo
870 1602 1020 1676 corpore
1043 1576 1213 1656 constridi
1231 1578 1269 1652 δι
1285 1572 1384 1671 rigidi

419 1683 517 1775 sunt,
532 1685 632 1757 etiam
647 1709 724 1758 cunr
742 1684 774 1759 se
793 1685 983 1786 projiciunt
997 1738 1009 1772 ,
1029 1709 1103 1755 non
1117 1680 1185 1754 stne
1204 1681 1329 1778 gemitu
1344 1682 1384 1754 δι

419 1813 498 1868 toto
519 1820 667 1891 corpore
693 1796 867 1871 decidunt.
901 1794 947 1864 Hi
973 1817 1061 1867 vero
1086 1815 1164 1868 non·
1190 1791 1258 1863 sine
1289 1791 1388 1865 febre
1520 1837 1522 1840 .

419 1924 519 1977 erunt
528 1933 542 1995 ‚⁴
556 1907 672 1981 cibum
686 1908 723 1979 δι
741 1926 862 2002 potum
881 1902 1073 1991 fastidiunt,
1085 1900 1188 1999 magis
1201 1899 1309 1992 jacere
1323 1927 1385 1975 cu·

399 2014 561 2111 ‚pientes
580 2017 640 2111 qui
664 2040 742 2089 cum
765 2013 797 2085 se
818 2012 933 2083 levare
951 2010 1126 2084 voluerint
1139 2064 1151 2098 ‚
1165 2010 1294 2107 impetu
1320 2034 1386 2083 co·

419 2140 547 2193 nantur
576 2121 779 2217 exsurgere,
803 2118 860 2190 sed
881 2135 1022 2213 propter
1045 2117 1200 2191 dolorem
1229 2116 1390 2198 ornniuns

419 2225 653 2297 membrorum
668 2225 793 2299 tardius
813 2222 1008 2321 exsurgunt:
1029 2223 1141 2319 Quod
1156 2222 1327 2321 contingit
1340 2246 1385 2296 ex
1404 2299 1407 2305 ,

421 2358 547 2430 magno
569 2333 686 2407 labore
707 2337 744 2409 de
765 2331 866 2409 cursu
893 2332 1099 2420 nimio,vel
1117 2359 1161 2406 ex
1183 2334 1392 2408 humoribus

420 2441 555 2533 nimiis,
575 2469 654 2518 cum
670 2445 839 2541 plurimus
855 2435 966 2517 sudor'
978 2443 1122 2542 fatigatis
1144 2444 1260 2533 nervis
1276 2468 1386 2515 mem-

421 2555 480 2632 bra
498 2556 721 2654 conquasset,
733 2558 823 2629 unde
840 2555 1017 2651 syncope,
1037 2551 1074 2624 id
1087 2552 1151 2639 ell,
1164 2551 1308 2624 defedio
1327 2576 1386 2624 na·

420 2665 525 2739 scitur
539 2691 552 2749 :¹
570 2663 666 2759 cujus
680 2665 739 2737 ista
753 2664 884 2738 curatio
898 2663 957 2735 est.
977 2662 1094 2733 Calida
1109 2686 1186 2733 curn
1198 2660 1285 2733 flore
1297 2631 1395 2733 foeni

421 2799 500 2848 eum
510 2772 746 2851 fomentabisa
760 2772 853 2868 spina
864 2823 877 2857 ,
888 2767 1012 2856 armis,
1026 2770 1063 2841 ὅτ
1083 2768 1241 2859 renibus,
1255 2766 1387 2871 tepefa·
1496 2781 1500 2786 ’
1573 2765 1576 2785 ’

423 2883 583 2977 slumque
594 2863 776 2978 'diligenter
788 2879 952 2977 tergendo
976 2879 1134 2984 siccabis,
1150 2898 1232 2955 tunc
1247 2879 1334 2954 vino
1348 2882 1390 2954 &

424 2987 507 3059 oleo
533 2986 646 3059 calido
659 3003 772 3060 totum
791 3012 976 3086 perunges,
991 2987 1238 3085 diutissimeque
1259 2985 1389 3062 consriss

357 3110 360 3116 ·
424 3091 542 3181 cabis:
558 3113 761 3189 coopertum
774 3095 895 3169 deinde
909 3082 995 3171 locis
1014 3095 1129 3168 calidis
1142 3094 1284 3185 statues,
1295 3094 1389 3168 mol»

423 3200 535 3296 linque
555 3196 758 3294 substernes,
771 3222 810 3277 ut
826 3204 985 3280 dormiat.
1010 3204 1118 3299 Quod
1139 3230 1216 3279 cum
1241 3229 1301 3302 per
1324 3203 1388 3277 tri·
1524 3258 1527 3267 ·

388 3353 391 3357 ·
410 3300 531 3389 'duum
543 3312 688 3406 seceris,
706 3316 770 3398 hac
783 3316 926 3414 potione
948 3316 1305 3417 resovebis.Myrrhae
1319 3342 1388 3408 unq
1497 3380 1499 3386 Α

426 3422 496 3495 cias
519 3448 561 3514 2,
582 3424 735 3520 draganti
756 3425 873 3498 uncias
892 3451 938 3516 4,
951 3425 1048 3499 croci
1069 3424 1243 3500 drachmas
1257 3450 1298 3514 4,
1314 3447 1388 3495 me·

426 3531 519 3603 liloti
543 3531 680 3604 unciam
698 3555 829 3620 unam,
850 3532 1027 3632 anagallici
1049 3532 1193 3623 libram,
1212 3533 1299 3604 tutis
1319 3556 1388 3604 rna·

426 3636 510 3710 sculi
527 3637 660 3731 pondus
679 3661 795 3711 unum.
815 3661 893 3735 quae
912 3638 1030 3710 omnia
1047 3638 1190 3713 cribrata
1209 3639 1245 3712 in
1265 3638 1389 3737 pulve-
1474 3718 1476 3722 ,

428 3772 500 3819 rem
522 3744 670 3842 rediges,
685 3769 725 3818 es
738 3767 810 3841 quo
833 3744 903 3816 duo
924 3741 1114 3819 cochlearia
1128 3771 1205 3819 cum
1219 3771 1314 3846 aquae
1335 3770 1390 3817 ca·

428 3856 506 3928 lidae
531 3854 690 3943 hemina,
712 3856 756 3949 ¹&
781 3852 890 3927 mellis
915 3853 1148 3930 cochlearibus
1172 3854 1329 3936 duobus.
1351 3854 1393 3926 δι·

429 3963 506 4056 olei
518 3962 609 4037 rosei
623 3962 757 4061 cyathis
778 3962 910 4035 duobus
933 3962 1113 4060 potionem
1128 3962 1221 4035 dabis
1236 3960 1393 4057 plurimis

431 4074 569 4163 diebus,
583 4074 695 4148 donec
710 4073 823 4147 sanum
842 4071 917 4176 sint.¹
935 4073 1046 4147 Etiam
1060 4073 1162 4147 vulsis
1177 4075 1247 4146 haec
1262 4069 1395 4169 potio,

432 4185 472 4258 δι
490 4183 642 4258 tensione
664 4183 896 4259 laborantibus
916 4183 1066 4282 prodest.
1091 4274 1094 4280 ¹

395 4317 398 4321 ·
482 4293 569 4367 LlV.
588 4294 682 4391 Saepe
696 4318 739 4367 ex
754 4292 854 4371 cursu
871 4294 982 4372 nimio
996 4292 1147 4393 jumenta
1158 4289 1289 4390 sanguis
1303 4286 1396 4375 intes

1136 4401 1206 4499 ⁵3
