3875 5759
1270 705 1285 736 l

549 879 618 963 182
668 879 1051 954 PALLADll
1099 880 1419 967 RUTlLll

544 1046 603 1119 vel
622 1040 844 1115 amaritudine
860 1065 919 1135 per
941 1040 1010 1114 hoc
1029 1055 1165 1136 tempus
1187 1061 1297 1115 careat
1318 1046 1356 1117 δι
1378 1044 1512 1128 odore;

546 1157 584 1227 δι
608 1152 714 1224 dulcis
733 1146 791 1220 fiat
808 1167 918 1250 ¹aetate.
944 1173 1027 1245 ergo
1043 1150 1114 1243 ejus
1133 1153 1370 1249 odlogesrmam
1386 1172 1514 1248 partem

546 1264 659 1338 musto
683 1257 886 1348 admiscent,
909 1261 948 1335 &
972 1261 1070 1359 gypfi
1097 1262 1416 1362 quinquagesimam.
1440 1262 1515 1357 post

547 1372 679 1445 tertiam
698 1367 819 1440 deinde
840 1369 931 1439 diem
953 1367 1090 1440 sortirer
1107 1390 1356 1456 commovent,
1381 1395 1419 1443 ac
1435 1367 1514 1464 pol·

545 1483 691 1554 licentur
714 1502 787 1549 non
811 1495 943 1549 aetatem
966 1476 1076 1549 solum
1099 1476 1207 1566 vino,
1224 1472 1280 1550 sed
1302 1478 1516 1574 splendorem

544 1613 687 1684 quoque
708 1587 839 1662 coloris
860 1588 989 1661 afferre.
1014 1590 1164 1683 Oportet
1184 1609 1293 1661 antem
1316 1615 1409 1661 nona
1431 1604 1518 1684 quad

544 1724 614 1793 que
633 1698 688 1773 die
701 1698 823 1777 vinum
840 1696 976 1770 moveri
987 1715 1089 1794 atque
1106 1697 1217 1769 curari
1233 1726 1242 1769 ε
1257 1698 1312 1769 vel
1327 1700 1350 1769 s1
1367 1698 1531 1783 tardius„

488 1853 491 1858 -
546 1810 738 1885 undecima.
764 1810 923 1907 frequens
939 1809 1030 1881 enim
1047 1807 1331 1904 respedlussaciet
1348 1808 1518 1901 judicare,

547 1938 662 1995 utrum
687 1923 867 1997 vendenda
888 1920 927 1993 fit
951 1919 1098 2017 species,
1123 1945 1165 1992 an
1187 1919 1343 1992 tenenda.
1366 1917 1517 2012 Quidam

548 2032 665 2104 resrnae
685 2031 782 2106 siccae
798 2032 885 2108 trirae
906 2032 1025 2104 uncias
1045 2049 1112 2103 tres
1133 2029 1230 2102 dolio
1250 2027 1456 2125 immergunt
1478 2031 1517 2100 δι

549 2156 772 2234 permovent,
788 2140 825 2210 &
840 2135 920 2207 vina
934 2137 1096 2209 diuretica
1118 2138 1162 2211 sic
1181 2136 1254 2211 fieri
1276 2136 1368 2233 poffe
1384 2136 1517 2233 persua-

529 2248 642 2320 dent.
665 2244 816 2319 Mullum
841 2271 952 2334 vero,
974 2247 1069 2343 quod
1093 2274 1152 2341 per
1173 2251 1307 2343 pluvias
1326 2250 1518 2346 frequentes

549 2355 629 2428 leve
648 2356 717 2444 est,
736 2355 781 2428 src
800 2355 909 2427 curari
931 2356 1052 2428 debere
1068 2356 1249 2452 jusserunt,
1264 2360 1358 2455 quod
1381 2354 1520 2453 probari

548 2463 644 2561 gustu
657 2463 757 2562 ipsius
776 2464 913 2559 poterit.
927 2466 1041 2537 Omne
1060 2465 1204 2538 mullum
1218 2465 1366 2562 decoqui
1382 2465 1519 2559 jubent,

429 2643 442 2650 ..
548 2575 662 2648 donec
677 2601 751 2672 pars
764 2573 835 2671 ejus
844 2567 1003 2649 vicesima
1020 2576 1119 2672 possit
1136 2575 1262 2647 absumi
1277 2603 1285 2647 :
1300 2577 1417 2649 melius
1430 2602 1519 2673 quo-

549 2680 996 2779 quefieri,s1cenresrnram
1016 2702 1144 2780 partem
1167 2682 1264 2780 gypsi
1282 2681 1429 2774 adiicias.
1454 2688 1518 2755 La·

497 2793 499 2795 ’
550 2792 755 2867 cedaemonii
779 2818 885 2884 vero,
899 2819 943 2867 eo
963 2790 1301 2890 usquedecoqirere,
1315 2795 1425 2867 donec
1445 2792 1519 2866 vini

549 2903 670 2998 quinta
694 2926 770 2996 pars
782 2921 916 3005 pereat,
930 2903 967 2973 ὃ(
982 2922 1105 2996 quarto
1120 2927 1213 2974 anno
1227 2901 1337 2974 usibus
1351 2901 1521 2975 ministra·

550 3038 599 3086 re.
622 3014 733 3082 Suave
748 3012 868 3081 vinum
891 3011 932 3080 de
953 3010 1042 3081 duro
1060 3010 1131 3080 fieri
1151 3015 1297 3095 docent,
1320 3013 1344 3082 si
1366 3012 1520 3087 ordeacci
1591 3040 1593 3045 ·

548 3116 690 3213 pollinis
707 3117 852 3210 cyathos
869 3115 956 3185 duos
973 3115 1068 3185 simul
1082 3143 1162 3189 curn
1177 3118 1263 3189 vino
1278 3120 1428 3192 subactos
1443 3124 1520 3195 mit·

473 3298 475 3301 Α
549 3242 601 3295 aas
621 3219 658 3292 in
679 3220 753 3324 vini
775 3220 937 3309 vasculo,
959 3222 997 3293 δι
1021 3222 1190 3320 bocauna
1213 3225 1260 3322 ibi
1285 3226 1349 3296 elle
1372 3229 1521 3320 pariaris.

549 3328 671 3429 Aliqui
695 3328 794 3403 faeces
817 3329 892 3402 vini
915 3329 1025 3402 dulcis
1046 3329 1240 3405 admiscent.
1262 3332 1367 3427 aliqui
1390 3335 1519 3410 addunt
1596 3379 1599 3384 ·

551 3438 764 3540 glycyrhizae
788 3438 884 3514 ficcae
898 3439 1171 3541 aliquantulum,
1191 3443 1233 3516 δι
1257 3459 1419 3530 uruntur,
1441 3471 1518 3519 cum

552 3552 613 3625 diu
625 3548 781 3623 vasorum
796 3550 1035 3624 commotione
1049 3551 1254 3628 miscuerint.
1280 3548 1411 3627 Vinum
1428 3580 1518 3651 quo-

552 3686 620 3759 que
631 3660 720 3733 intra
735 3686 864 3764 paucos
879 3661 949 3736 dies
966 3661 1090 3758 optimi
1109 3662 1227 3734 odoris
1242 3661 1349 3752 effici,
1364 3663 1385 3735 si
1402 3665 1519 3743 baccas
1562 3713 1573 3732 .

553 3772 660 3872 myrti
678 3773 809 3870 agrestis
829 3794 1029 3863 montanas,
1043 3773 1145 3848 siccas
1167 3776 1205 3848 bc
1222 3773 1335 3847 tunsas
1355 3776 1467 3849 minas
1482 3778 1518 3850 in

554 3886 696 3973 cadum,
711 3888 749 3960 δι
765 3884 881 3959 decem
904 3884 1020 3958 diebus
1033 3884 1242 3982 requiescere
1261 3886 1393 3979 pariaris
1412 3912 1420 3956 ε
1436 3906 1519 3961 runc

554 3995 650 4069 coles
671 3996 840 4069 &uraris
863 3996 952 4069 Viris
968 3995 1068 4082 etiam
1088 3994 1191 4068 flores
1208 3995 1390 4067 'arbustivae
1408 3996 1518 4069 colle·

554 4106 627 4179 {los
642 4102 678 4175 in
702 4103 961 4178 umbrasrccare
977 4104 1119 4178 curabis.
1136 4108 1237 4179 Tunc
1249 4102 1425 4199 diligenter
1438 4123 1517 4177 tun-

455 4261 458 4268 ·
556 4210 612 4283 sos
625 4213 786 4300 &cretos
800 4211 938 4287 habebis
951 4214 987 4285 in
1003 4213 1140 4287 vasculo
1152 4237 1252 4285 novo
1266 4266 1275 4301 ,
1289 4213 1340 4298 δε,
1356 4238 1432 4284 cum
1448 4239 1516 4286 vo·

553 4317 677 4414 lucris,
694 4322 802 4397 tribus
826 4322 916 4398 cadis
941 4350 1044 4399 unam
1066 4322 1161 4397 floris
1185 4320 1392 4407 mensuram,
1416 4348 1516 4421 quam
1601 4403 1605 4410 ,
