3875 5759
657 714 683 765 b·

537 891 587 978 72·
659 874 1402 953 atrurntraurrurr

528 1040 726 1127 mundabit,
743 1039 767 1110 si
784 1040 912 1136 legatur
928 1038 1100 1111 maturitas
1121 1065 1197 1110 cum
1219 1040 1418 1126 acerbitate,
1432 1034 1503 1115 ἀῐίῗί.

515 1148 722 1248 pendium,
743 1173 819 1219 cum
847 1149 946 1220 unius
970 1147 1198 1243 tempestivam
1219 1148 1422 1220 vindemiam
1448 1148 1503 1219 sed

536 1256 622 1352 qui,
641 1256 680 1328 fir
701 1254 868 1350 permixta
889 1252 1050 1327 cruditate
1067 1253 1248 1340 vitiosum,
1265 1255 1345 1352 [dc]
1365 1255 1503 1330 alterius

538 1362 626 1440 seras
640 1365 844 1435 maturitates
859 1362 1288 1458 exspeslaredamnificum.
1303 1364 1391 1450 Huic
1403 1385 1504 1438 crant·¹

540 1472 650 1548 modo
668 1471 845 1563 adjicitur,
861 1474 975 1567 quod,
991 1465 1055 1568 pro
1068 1496 1227 1567 generum
1241 1472 1433 1544 diversitate
1445 1499 1505 1569 per

538 1584 662 1677 gradus
673 1582 854 1653 accedente
867 1577 1057 1665 vindemia,
1069 1578 1182 1649 minor
1196 1602 1373 1673 operarum
1387 1606 1506 1652 nume·

538 1713 600 1774 tus
616 1717 690 1764 eam
718 1693 844 1787 poterit
865 1691 1046 1787 expedire,
1065 1692 1104 1764 δι
1126 1690 1305 1787 generatim
1330 1692 1505 1767 conderer

541 1829 582 1875 ac
594 1794 712 1874 melius
730 1829 835 1897 puros
849 1803 1004 1895 sapores,
1019 1802 1086 1872 fine
1104 1800 1285 1873 lustramine
1298 1800 1433 1872 alterius
1446 1819 1507 1897 ges

542 1910 633 1985 neris
648 1915 858 2007 unaquaeqne
874 1909 954 1982 vina
968 1909 1110 1982 servare.
1126 1908 1242 1984 Hocsr
1258 1908 1393 1992 difficile
1408 1910 1507 1980 vide·

539 2019 658 2111 bitur,
674 2045 745 2090 non
767 2011 846 2090 alias
868 2018 962 2089 srmul
987 2018 1165 2104 conseras,
1181 2043 1282 2113 quarn
1302 2005 1379 2114 que
1402 2021 1439 2091 δι
1460 2018 1508 2091 sa-

542 2153 650 2226 pore,
671 2132 709 2201 &
722 2128 829 2214 flore,
851 2131 889 2200 &
904 2128 1094 2200 maturitate
1111 2128 1332 2214 conveniunt.
1345 2129 1409 2200 Sed
1434 2129 1507 2202 haec
1561 2117 1564 2126 ¹

544 2236 582 2311 in
604 2236 740 2332 pallinis
762 2235 819 2305 vel
838 2229 940 2307 sulcis
953 2235 1040 2308 ratio
1058 2237 1144 2307 erit:
1168 2235 1203 2305 in
1226 2234 1397 2310 scrobibus
1421 2260 1509 2308 vero

545 2368 608 2441 per
629 2343 771 2440 angulos
795 2364 840 2412 1v
865 2344 1027 2414 sarmenta
1051 2337 1205 2438 deponis.
1225 2345 1315 2432 Sed,
1335 2363 1373 2414 ut
1390 2341 1508 2416 'asserit

546 2454 765 2541 Columella,
789 2443 965 2523 vinaceani
982 2454 1121 2526 stercori
1141 2453 1280 2532 mixtam
1303 2452 1398 2524 simul
1419 2454 1511 2548 spar-

546 2590 626 2662 με,
639 2566 677 2639 &
693 2563 716 2634 st
739 2562 826 2636 exile
840 2561 949 2635 solum
965 2562 1086 2650 suerin,
1103 2555 1399 2660 pingtrem·terrarn
1418 2565 1512 2635 scro-

485 2733 492 2748 .
546 2672 584 2748 bi
605 2672 750 2758 inseres,
769 2672 824 2744 vel
842 2670 977 2743 aliunde
999 2692 1179 2768 portatam.
1201 2674 1291 2748 Cum
1306 2696 1395 2742 vero
1417 2673 1511 2765 plan·

540 2798 617 2880 ¹tant
632 2780 688 2851 vel
702 2780 896 2854 malleolum
911 2780 1141 2877 disponimus,
1152 2779 1286 2853 modice
1301 2778 1442 2848 humido
1458 2777 1511 2848 so·

544 2891 586 2986 19
602 2944 613 2977 ,
628 2890 687 2964 sed
703 2892 815 2984 potius
832 2890 949 2975 arido,
963 2917 1065 2978 quam
1080 2892 1212 2978 lutoso,
1229 2879 1355 2961 duabus
1370 2885 1508 2984 gemmis

544 2991 645 3092 supra
665 3017 784 3068 terram
805 2996 949 3077 relictis,
973 2996 1132 3069 sarmenta
1153 3023 1321 3091 ponemus
1343 2997 1505 3093 obliqua,

546 3105 645 3198 &tic
667 3102 796 3174 sacilius
811 3099 1109 3195 comprehendent.

549 3265 555 3310 5
597 3213 644 3307 X,
665 3211 773 3303 Quod
794 3209 817 3282 fi
840 3209 1009 3282 arbustum
1028 3231 1062 3281 te
1081 3209 1201 3283 habere
1230 3209 1392 3297 delcetat,
1414 3210 1514 3304 plane

547 3337 619 3418 tam
641 3317 811 3415 generosa:
833 3319 911 3392 vitis
935 3318 1026 3413 prius
1048 3317 1085 3389 in
1110 3316 1288 3389 seminario
1307 3317 1434 3389 nutrire
1452 3322 1515 3391 de·

549 3427 664 3524 ¹b'ebis,
679 3446 716 3498 ut
732 3427 811 3500 inde
830 3428 975 3497 radicata
989 3426 1204 3498 transferatur
1216 3428 1257 3498 ad
1272 3425 1445 3518 scrobem,
1459 3430 1516 3503 cui

549 3536 652 3642 prbor
671 3535 894 3638 injunslaesl.
911 3538 1134 3610 Seminarium
1157 3562 1243 3609 vero
1264 3538 1404 3610 dicimus
1418 3566 1515 3636 aeque

548 3635 670 3748 {uffan
688 3644 835 3718 tabulam
851 3649 974 3744 pedum
992 3648 1137 3718 duorum
1158 3647 1254 3719 semis
1274 3650 1459 3720 altitudine.
1473 3653 1513 3719 ln
1544 3708 1549 3728 ‚

548 3755 637 3856 bc,
660 3779 761 3850 quarn
781 3781 844 3852 pro
864 3782 1006 3834 numero
1029 3759 1261 3855 ponendarum
1281 3760 1427 3843 vitium,
1452 3753 1511 3828 vel

549 3853 835 3968 dualiumcunque
853 3866 1037 3961 plantarum
1053 3867 1225 3962 protendis
1240 3886 1295 3938 aut
1316 3865 1516 3955 contrahis,

550 3973 755 4082 preyislimo
769 3973 883 4071 spatio,
895 3976 1047 4048 ditlantia
1064 3977 1151 4050 inter
1165 3975 1196 4048 se
1216 3975 1377 4048 sarmenta
1395 3973 1513 4068 depo-

521 4143 523 4147 ·
552 4109 612 4161 nes
626 4085 672 4159 :fi
690 4083 795 4172 vallis¹
807 4106 866 4158 aut
885 4088 1056 4158 humeslus
1071 4088 1117 4158 esl
1131 4111 1288 4182 campus,
1300 4083 1401 4155 trium
1416 4109 1513 4179 gem·

551 4217 703 4284 marum,
721 4197 871 4296 exceptis
883 4197 1043 4284 minutis,
1058 4221 1138 4291 quas
1151 4195 1285 4268 habebit
1304 4192 1450 4266 inferius.
1473 4197 1512 4272 δε

551 4303 612 4384 nbi
631 4307 886 4406 convaluerint,
899 4307 979 4385 hinc
994 4305 1071 4409 post
1086 4306 1260 4416 biennium
1277 4305 1441 4383 radicatas
1456 4304 1530 4380 via.
