3875 5759
1417 750 1432 784 N

593 939 672 1013 oa
705 941 775 1012 nr
810 939 1077 1014 uusrtct
1109 874 1211 1013 im.
1238 924 1264 1014 r]
1365 960 1412 1016 η·-
1476 910 1479 917 ’

446 1098 528 1174 ferri
547 1100 619 1174 acie
638 1126 680 1173 ne
692 1102 827 1175 recidas.
850 1101 973 1174 Omnis
986 1100 1126 1176 incisura
1141 1101 1294 1174 sarmenti
1310 1125 1410 1174 aver·

448 1226 540 1283 tatur
553 1237 571 1280 a
586 1235 713 1307 gemma
725 1236 793 1300 ,ne
806 1235 878 1283 eam
892 1210 977 1283 stilla
986 1266 998 1298 ‚
1008 1237 1083 1307 quae
1094 1209 1198 1282 fluere
1211 1208 1410 1299 consuevit,

448 1317 644 1414 exstinguat.
660 1321 726 1391 Pro
741 1321 847 1392 macie
868 1318 926 1391 vel
938 1319 1104 1392 soliditate
1121 1318 1245 1392 vitium·
1258 1317 1410 1390 nutrien-

447 1425 490 1495 da
504 1423 665 1498 sarmenta
678 1445 814 1521 putator
826 1427 990 1524 injungat.
999 1429 1105 1500 Terra
1116 1427 1283 1523 profunda
1295 1426 1410 1526 (quod
1423 1505 1425 1508 ,

448 1535 561 1607 Graeci
577 1535 741 1635 asserunt)
755 1538 993 1635 oleae'grandes
1006 1539 1143 1610 arbores
1154 1537 1272 1623 efficit,
1284 1534 1410 1612 fruetus

447 1644 678 1734 minores‚'&
705 1632 846 1744 aquaitos
866 1676 910 1722 ac*
936 1649 1048 1739 seros,
1072 1646 1238 1746 magisque
1264 1671 1410 1719 amurcae

447 1754 650 1848 proximos(
662 1759 731 1826 Aer
754 1756 845 1828 oleas
867 1758 998 1854 tepidus
1015 1758 1133 1849 juvat,
1147 1758 1185 1831 &
1204 1756 1315 1827 uentis
1335 1778 1409 1826 me·

446 1862 621 1937 diocribus
643 1864 710 1937 sure
732 1866 768 1938 vi
788 1869 824 1940 δι
839 1867 984 1939 horrore
998 1866 1189 1960 perflabilis.
1211 1864 1410 1959 Vitis,quae

446 1970 489 2041 ad
513 1968 626 2069 jugum
650 1973 798 2057 colitur,
825 1997 885 2066 per
909 1991 1020 2045 aetates
1043 1973 1174 2063 adhoc
1197 1973 1408 2068 perducenda
1449 2031 1454 2039 .

445 2080 494 2150 esl
508 2135 517 2164 ‚
531 2104 567 2151 ut
582 2081 668 2153 locis
684 2081 934 2156 molestioribus
950 2101 1098 2180 quatuor
1114 2085 1253 2179 pedibus
1268 2109 1285 2154 a
1300 2100 1409 2171 terra,

445 2189 688 2284 placidioribus
712 2215 797 2264 vero
821 2192 942 2288 septem
970 2193 1136 2266 summitas
1159 2191 1231 2286 ejus
1250 2190 1407 2289 insurgat.

445 2299 597 2388 Hortus,
621 2293 679 2394 qui
705 2301 799 2373 coelo
825 2304 980 2375 clementi
1005 2302 1173 2396 subjacet,
1198 2306 1235 2376 ὅ(
1261 2300 1407 2372 fontano

444 2407 589 2480 humore
602 2413 826 2505 percurritur,
844 2406 950 2511 prope
966 2413 1031 2502 est,
1047 2410 1087 2487 us
1101 2415 1185 2487 liber
1199 2413 1255 2499 srt,
1275 2415 1312 2484 δι
1328 2409 1426 2504 nul-y

444 2519 510 2589 lam
530 2519 657 2592 serendi
673 2523 880 2618 disciplinam
898 2525 1055 2622 requirat.
1077 2525 1262 2622 Subligatio
1277 2520 1406 2595 acerbis

444 2629 524 2702 uvis
545 2629 693 2705 facienda
706 2635 776 2720 est,
791 2637 929 2731 quando
946 2636 1138 2739 excutiendi
1152 2652 1209 2706 aut
1227 2629 1406 2725 rumpendi

403 2770 410 2775 ·
442 2738 532 2811 acini
554 2739 646 2813 nulla
670 2740 821 2812 formido
842 2742 899 2814 esl.
920 2744 1073 2836 Ligatura
1092 2743 1128 2812 in
1147 2739 1272 2810 vitibus
1290 2740 1405 2808 locum
1445 2736 1448 2744 ’

443 2848 544 2945 debet
562 2867 711 2932 mutare,
728 2873 770 2917 ne
792 2871 896 2916 unum
919 2847 1049 2941 semper
1070 2845 1234 2918 assiduitas
1254 2861 1408 2916 conterat

444 2955 678 3027 vinculorum.
697 2955 903 3027 Fofforemsr
923 2978 1056 3051 apertus
1076 2956 1156 3028 vitis
1168 2954 1290 3028 oculus
1307 2952 1405 3025 vide·

443 3062 508 3149 rit,
527 3063 706 3135 caecabitur
720 3063 797 3159 spes
810 3088 928 3161 magna
943 3063 1124 3138 vindemie
1140 3065 1198 3136 t&
1211 3062 1308 3148 ideo,
1323 3060 1405 3135 dum

442 3175 491 3251 esl
511 3172 662 3261 clausus,
688 3173 848 3248 fodietur.
871 3176 987 3249 Terrae
1007 3176 1214 3248 altitudinem
1231 3191 1314 3247 'cum
1336 3172 1404 3245 soe·

441 3283 670 3373 cunditate,fi
685 3286 726 3356 ad
741 3283 906 3358 frumenta
918 3286 1069 3373 ,duobus
1084 3283 1225 3381 pedibus
1238 3281 1376 3381 explora
1389 3307 1402 3354 r

442 3411 592 3490 quatuor
606 3417 712 3483 vero,
725 3393 749 3464 fi
762 3394 803 3466 ad
815 3393 945 3466 arbusta
963 3395 1019 3467 vel
1039 3396 1135 3467 vites.
1159 3391 1248 3464 Viris
1261 3391 1403 3463 novella

442 3522 481 3575 ut
500 3501 599 3575 facile
618 3502 864 3589 incrementum
888 3505 1005 3577 dilecta
1027 3501 1324 3599 consequitur,ita
1345 3499 1402 3580 in·¹

443 3612 579 3685 teritum
595 3611 759 3703 celerem,
773 3612 796 3684 si
810 3612 1012 3713 negligatur,
1023 3598 1178 3686 incurrit.
1196 3612 1337 3684 Modum
1351 3629 1402 3685 te·¹
1511 3684 1513 3688 .

442 3745 486 3794 ne
506 3717 670 3792 aesiimatis
691 3721 905 3795 facultatibus
927 3723 992 3793 tuis
1017 3723 1052 3793 in
1072 3720 1269 3793 assumtione
1291 3720 1401 3792 cultu·

441 3856 510 3916 rae,
525 3854 567 3902 ne
580 3830 741 3927 superatis
753 3832 898 3921 viribus,
910 3833 1091 3905 excedente
1107 3831 1279 3919 mensura,
1292 3828 1427 3923 turpia·

442 3957 495 4013 ter
514 3938 662 4025 deseras,
674 3942 766 4036 quod
789 3962 986 4039 arroganter
1000 3941 1142 4026 assumis.
1161 3939 1293 4013 Semina
1308 3928 1414 4032 plus-⁵¹
1454 4028 1458 4041 ι

442 4076 543 4146 quam
562 4051 720 4124 annicula
742 4051 808 4124 elle
830 4078 901 4126 non
925 4054 1070 4140 debent,
1086 4058 1128 4123 ne
1142 4050 1305 4126 uetustate
1318 4054 1436 4136 c'or·r
1496 4066 1499 4075 ·

441 4179 539 4254 rupta
555 4186 627 4253 non
646 4163 820 4268 prodeant.
833 4169 1049 4237 Frumentum
1062 4161 1161 4237 collis
1174 4159 1309 4257 quidem
1323 4180 1400 4252 gra·

443 4290 492 4339 no
505 4268 693 4359 robustius,
710 4269 937 4371 sed0merrsurae
950 4271 1062 4344 minus
1074 4266 1400 4357 refundeetomnia,
1427 4288 1429 4291 ·

443 4397 520 4473 quar
536 4372 688 4452 seruntur
694 4430 711 4487 t.
719 4375 889 4467 crescente
901 4379 1000 4478 luna,
1011 4382 1049 4457 dt
1062 4377 1179 4453 diebus
1192 4375 1314 4473 tepidis
1324 4374 1401 4450 sunt
