3875 5759
543 953 616 1040 sao·
723 943 1053 1017 vacuari
1101 883 1227 1018 cru.
1276 943 1302 1017 n

543 1101 644 1176 minis
662 1120 819 1196 oportere
833 1100 962 1174 misceri
976 1156 987 1189 ,
1002 1104 1039 1173 δι
1053 1102 1200 1174 heminas
1215 1100 1353 1197 singulas
1366 1123 1424 1192 per
1437 1112 1496 1172 ca·3

541 1229 604 1306 put
622 1209 811 1280 animalium
827 1208 899 1278 dati
912 1210 1037 1281 odavo
1050 1209 1192 1280 Kalend.
1207 1210 1307 1282 Julias
1321 1212 1337 1298 (
1345 1208 1410 1279 hoc
1423 1205 1495 1293 est,

541 1316 578 1389 in
592 1317 691 1388 initio
703 1313 941 1387 canicularium
958 1314 1130 1412 dierum,)
1152 1316 1316 1409 septimo,
1329 1320 1365 1388 δι
1382 1314 1495 1386 sexto:

541 1445 614 1516 quo
636 1417 723 1489 sasso
747 1417 1064 1513 trinispotionibus
1084 1410 1251 1515 stagnata,
1276 1440 1312 1492 ut
1336 1421 1496 1492 dicuntur

540 1525 693 1599 animalia
722 1519 932 1614 arnien'rina,
959 1527 1016 1599 vel
1042 1528 1172 1600 domita
1188 1527 1329 1625 integro
1359 1551 1449 1600 anno
1477 1549 1497 1596 a

540 1635 664 1704 morbo
686 1631 808 1706 intasia
823 1632 959 1723 servari.

540 1769 544 1784 ¹
589 1744 684 1815 XIX
704 1743 871 1818 Adversus
884 1744 1041 1816 morbum
1060 1744 1232 1832 malleum,
1245 1744 1340 1837 cujus
1359 1741 1499 1816 diversae

541 1849 618 1924 sunt
634 1851 758 1946 species
771 1878 870 1950 ,quae
884 1853 919 1925 in
932 1852 1151 1947 potionibus,
1165 1873 1231 1926 tam
1251 1879 1308 1949 per
1322 1878 1383 1941 os,
1395 1875 1499 1947 quam

542 1985 641 2034 nares
661 1961 879 2059 degerendis,
900 1962 956 2033 vel
981 1962 1305 2061 clystere,·quaeque
1325 1962 1360 2032 in
1382 1977 1499 2032 caute-

543 2070 603 2142 riis
626 2071 681 2141 vel
704 2070 893 2142 flebotomo
915 2069 1067 2143 facienda
1086 2068 1184 2159 sunt,
1206 2069 1408 2143 declaratum
1427 2065 1473 2137 est
1485 2096 1502 2154 ,’

544 2179 600 2252 sed
621 2181 717 2251 restat
739 2179 804 2251 alia
826 2206 897 2251 non
926 2181 1038 2252 minus
1065 2181 1240 2253 necessaria
1266 2178 1503 2272 efficaciorque

544 2285 696 2367 curario,
713 2310 788 2380 quae
803 2285 1206 2383 suffimentorumgenere
1227 2291 1266 2360 &
1284 2288 1393 2358 odore
1413 2312 1502 2382 prae-

544 2393 658 2466 statur.
676 2392 764 2462 Nam
778 2393 856 2463 ‘cum
876 2391 945 2488 ipsa
968 2393 1060 2465 tabes
1087 2419 1130 2465 ex
1156 2393 1309 2489 corrupti
1328 2393 1412 2463 aeris
1433 2392 1503 2463 soe-

439 2504 442 2510 ’
512 2537 514 2542 ·
545 2520 621 2576 tore
646 2499 826 2590 nascatur,
841 2503 885 2574 ’δι
904 2500 1006 2596 usque
1026 2501 1062 2572 in
1090 2501 1288 2595 pulmonem
1312 2471 1349 2571 dt
1375 2499 1503 2572 viscera

546 2610 777 2710 penetrando,
793 2610 985 2706 descendat,
1002 2635 1073 2683 non
1095 2609 1205 2684 minu's
1217 2610 1401 2680 austeritate
1416 2610 1504 2679 odo·

546 2722 615 2807 ris,
632 2745 734 2816 quam
755 2719 935 2815 potionum
951 2720 1170 2792 amaritudine
1190 2717 1369 2791 consuevit
1390 2717 1504 2812 expel-

487 2925 489 2930 .
546 2832 582 2904 li.
600 2833 665 2903 Pro
688 2856 829 2902 numero
851 2830 961 2927 itaque
981 2831 1170 2904 animalium
1188 2831 1289 2927 eliges
1311 2830 1428 2901 locum
1442 2830 1507 2899 hu·

547 2940 662 3014 misem
677 2941 828 3012 exomni
845 2959 937 3033 parte
958 2941 1104 3023 clausum
1119 2996 1130 3029 ,
1143 2941 1261 3037 inquo
1282 2941 1421 3011 induces
1433 2939 1506 3009 ani·

550 3048 649 3121 malia
669 3046 735 3137 jam
759 3046 980 3140 aegrotantia,
1007 3072 1082 3141 quae
1101 3071 1215 3117 curare
1236 3050 1421 3132 desrderas3
1449 3048 1507 3120 vel

550 3154 661 3226 adbuc
677 3151 771 3234 sana,
784 3153 823 3225 δι
837 3152 1032 3247 separatim,
1045 3179 1121 3253 quae
1139 3179 1210 3223 non
1227 3155 1280 3225 vis
1294 3156 1405 3226 morbi
1419 3182 1507 3230 con·

371 3280 374 3288 ·
459 3341 464 3352 ,
496 3315 498 3319 .
550 3252 685 3357 ragione
718 3256 883 3361 perfundi.
912 3251 1128 3355 origanum,
1158 3259 1299 3345 allium,
1325 3279 1507 3352 mentam,

431 3367 434 3373 ’
551 3367 712 3463 aspalttun
724 3421 737 3454 ,
752 3365 1004 3463 peucedanum,
1025 3365 1208 3440 castoreum
1222 3372 1259 3440 δι
1273 3384 1509 3463 opopanacem

552 3478 658 3573 aequis
679 3476 886 3570 ponderibus
900 3474 1118 3571 permisceas,
1132 3478 1169 3549 δι
1189 3476 1328 3565 exinde,
1343 3499 1509 3572 quantum

553 3586 661 3659 tribus
679 3583 789 3681 digitis
803 3582 917 3657 levare
931 3585 1074 3678 poteris,
1088 3584 1122 3655 in
1136 3586 1298 3658 carbones
1313 3586 1416 3660 vivos
1429 3589 1510 3662 mit-

554 3714 605 3779 tas
616 3750 629 3783 ‚
650 3691 911 3791 animaliumque
929 3697 1020 3767 os&
1036 3713 1135 3789 caput
1153 3693 1249 3788 super
1267 3695 1396 3768 sumum
1416 3717 1511 3770 tene-

555 3804 630 3893 bis,
652 3822 687 3873 ut
702 3801 871 3875 austeritas
889 3803 1027 3891 odoris,
1045 3827 1104 3895 pet
1124 3807 1219 3875 os&
1242 3830 1336 3876 nares
1356 3806 1513 3879 intrinse-

557 3938 616 3989 cus
642 3912 805 4009 ingressa,
826 3912 944 3983 omnia·
967 3911 1163 4005 compleat,
1187 3914 1286 3985 &ad
1312 3913 1513 4006 pulmonem

557 4023 661 4118 usque
680 4021 885 4118 penetrando
901 4020 1098 4118 perveniat,
1110 4024 1147 4094 δι
1164 4021 1294 4116 praestet
1314 4011 1513 4097 animalibus

511 4216 513 4218 ¹
559 4131 773 4204 medicinam.

620 4242 699 4316 XX
724 4239 779 4312 Est
799 4242 837 4331 dc
858 4237 921 4310 alia
944 4236 1149 4334 compositio
1181 4237 1444 4310 suffimentorum
1470 4241 1517 4311 ad

562 4351 702 4424 morbos
720 4347 980 4448 prohibendos,
998 4347 1197 4422 sumtuofior
1210 4349 1344 4445 quidem
1356 4401 1368 4441 ,
1382 4347 1436 4421 sed
1448 4375 1518 4446 puff
