3875 5759
459 891 1320 991 meriritu11uurrim

506 1058 593 1126 Vlll.
617 1055 696 1126 Huc
721 1052 832 1125 mense
850 1052 946 1138 ,locis
973 1051 1093 1147 apricis
1115 1074 1193 1146 apes
1218 1075 1417 1147 quaeremus,

350 1245 355 1258 .
456 1162 510 1235 sed
526 1161 602 1235 loca
622 1160 776 1237 mellifica
789 1161 940 1243 indicant
959 1188 1058 1252 apt-73,
1075 1163 1097 1232 sr
1113 1151 1203 1234 circa
1217 1159 1330 1234 sontes
1347 1161 1417 1236 fre·

457 1268 669 1368 quentiffime
690 1270 892 1365 pascantur:
921 1298 999 1343 narn
1028 1271 1050 1340 fi
1073 1270 1217 1343 rariores
1244 1270 1416 1342 videbun-

340 1437 350 1476 Ι.
456 1399 525 1467 tur,
535 1378 569 1451 in
585 1376 633 1450 his
648 1378 734 1453 locis
745 1378 933 1454 mellificari
949 1380 1075 1452 utiliter
1084 1403 1159 1451 non
1175 1378 1294 1474 potesl.
1308 1378 1418 1471 Quod

456 1485 696 1583 srsrequentes
717 1494 906 1587 aquantur,
927 1488 986 1563 ubi
1011 1490 1075 1561 smt
1097 1490 1250 1562 examina
1277 1514 1418 1576 earum,

454 1598 523 1669 hoc
538 1619 658 1694 genere
672 1599 844 1695 possumus
856 1600 1022 1674 invenire.
1036 1602 1087 1671 Ac
1103 1602 1213 1694 primo
1227 1624 1325 1695 quam
1341 1599 1419 1667 lon·

455 1730 494 1802 ge
514 1705 593 1797 srnt,
609 1711 845 1805 exploremus,
863 1728 920 1783 aut
933 1709 1098 1809 proxime.
1124 1710 1290 1782 rubricam
1313 1706 1418 1802 liqui·

406 1885 409 1890 <
455 1815 531 1886 danr
555 1817 654 1890 brevi
676 1819 815 1892 vasculo
836 1820 976 1894 infusam
999 1837 1169 1919 geramus,
1189 1821 1227 1891 δι
1254 1815 1418 1890 observe-

391 2005 393 2010 ,
456 1949 530 1999 mus
545 1923 657 1999 fontes
671 1949 728 2000 out
750 1954 853 2026 aquas
873 1928 1026 2003 vicinas:
1046 1948 1128 2002 tunc
1141 1926 1237 2000 dorsa
1252 1949 1352 2020 apum
1367 1920 1419 1993 bi·
1463 1950 1465 1957 ·

457 2036 608 2110 bentiurn
629 2059 799 2135 tangamus
823 2040 883 2112 illo
906 2042 1040 2136 liquore
1057 2039 1159 2113 tinsla
1172 2036 1351 2124 sestucula,
1365 2050 1417 2105 at·

457 2172 524 2241 que
547 2148 669 2219 ibidem
683 2147 867 2220 moremur.
882 2150 916 2220 Si
932 2150 1003 2222 cito
1023 2150 1166 2224 reverse
1180 2141 1304 2222 fuerint
1314 2199 1325 2234 ‚
1336 2167 1420 2242 quau

458 2257 643 2343 tinuimus,
663 2257 809 2349 hospitia
831 2282 945 2328 earum
960 2258 1119 2351 proxima
1141 2249 1205 2332 elle
1226 2256 1419 2331 noscemus:

458 2368 483 2440 si
507 2368 621 2453 tarde,
637 2366 744 2463 spatio
763 2367 920 2464 longiore
939 2354 1222 2463 submota,'quod
1239 2393 1303 2462 pro
1324 2391 1421 2439 mora

457 2477 621 2572 temporis
635 2477 845 2549 aeslimamus.
871 2477 913 2548 ad
934 2475 1090 2572 proxima
1109 2474 1208 2550 facile
1225 2474 1421 2560 venies3nd
1455 2549 1460 2554 ,

456 2589 653 2685 longinqua
663 2590 732 2660 hoc
741 2612 870 2685 ‘genere
886 2586 1090 2683 perduceris.
1103 2588 1352 2680 Cunnaepnurn
1366 2584 1422 2655 in·

456 2700 652 2781 ternodium
672 2723 749 2771 cunr
772 2697 839 2771 suis
861 2696 990 2772 recidas
1006 2695 1180 2783 articulis,
1200 2699 1242 2784 &t
1263 2694 1422 2784 its-latere

415 2840 420 2850 ·
457 2810 598 2904 aperies.
614 2807 664 2878 ibi
684 2807 750 2880 mel
772 2806 935 2906 exiguum
960 2805 1017 2878 vel
1038 2804 1208 2878 defrutum
1230 2805 1364 2894 mittes,
1384 2810 1423 2881 δι

456 2914 696 3013 juxtafontem
712 2941 829 3011 pones.
853 2943 931 2991 cum
944 2915 988 2989 ad
1000 2941 1084 2989 eum·
1092 2914 1320 2989 convenerint
1330 2940 1422 3011 apes,

446 3051 559 3124 atque
580 3027 730 3124 ingressae
749 3026 874 3098 suerint
892 3027 967 3122 post
981 3028 1125 3099 odorem
1140 3026 1319 3114 ,foramen
1343 3025 1423 3122 pol·

389 3229 394 3236 Ι
457 3138 524 3208 lice
536 3135 672 3207 claudes
689 3136 866 3229 apposito,
884 3137 924 3207 ὅ(
936 3160 1038 3227 unam
1053 3152 1185 3207 tantum
1199 3134 1332 3231 patieris
1347 3136 1421 3207 exi·

382 3287 384 3292 ·
458 3270 525 3332 re,
551 3241 650 3338 cujus
679 3243 792 3341 sugam
820 3245 1028 3341 persequere.
1055 3271 1094 3318 ea
1121 3244 1183 3317 tibi
1212 3264 1338 3340 partem
1362 3244 1421 3315 de·

459 3354 626 3427 monslrar
641 3354 791 3449 hospitii.
815 3381 891 3428 cum
907 3355 1009 3451 ipsam
1028 3355 1173 3452 coeperis
1192 3380 1264 3427 non
1282 3353 1419 3444 videre,

461 3463 599 3534 alteram
614 3462 785 3537 continuo
805 3464 953 3537 dimittes
964 3518 976 3553 ,
989 3467 1028 3541 δι
1042 3465 1196 3563 sequeris.
1207 3467 1262 3538 'ita
1282 3464 1420 3562 singulae

358 3665 361 3669 A
460 3568 601 3643 subinde
623 3571 781 3661 dimissa,
801 3595 834 3645 te
859 3570 983 3647 facient
1009 3573 1112 3671 usque
1135 3574 1177 3645 ad
1200 3574 1315 3646 locum
1338 3599 1421 3645 exa-

461 3679 565 3752 minis
586 3681 775 3777 pervenire.
803 3683 920 3781 Aliqui
946 3681 1055 3756 mellis
1078 3682 1315 3784 breviffimum.
1331 3681 1421 3754 circa

462 3813 584 3885 aquam
609 3787 783 3863 vasculum
794 3813 960 3887 ponunt,
980 3791 1022 3864 de
1035 3816 1107 3889 quo
1121 3815 1197 3865 cum
1212 3791 1284 3886 apis
1297 3815 1422 3887 aquan-

462 3905 511 3975 do
528 3898 706 3998 gustaverit
716 3910 726 3979 ,’
738 3901 780 3971 ad
795 3922 978 3974 commune
995 3897 1153 3999 pabulum
1168 3923 1329 3998 pergens,
1343 3900 1422 3972 alias
1485 3993 1488 3998 ι

462 4010 805 4106 exhibebitrquarum
817 4010 1038 4110 frequentiam
1051 4013 1192 4087 subinde
1203 4012 1421 4103 crescentem,

463 4143 581 4198 notata
599 4120 825 4199 revolantium
844 4145 962 4222 parte,
983 4126 1085 4231 usque
1106 4128 1148 4198 ad
1168 4123 1322 4218 erramina
1343 4149 1422 4222 per·

458 4232 619 4337 sequeris.
636 4231 743 4329 Quod
762 4234 786 4307 si
806 4234 852 4308 est
870 4259 1012 4309 examen
1032 4235 1068 4319 in
1086 4236 1242 4332 spelunca
1262 4234 1422 4308 recondi-

462 4361 558 4448 tpm,
579 4344 674 4420 furno
697 4344 868 4448 ejicietur,
888 4350 926 4422 bc
945 4369 1030 4444 curn,
1045 4345 1183 4436 exierit,
1207 4346 1282 4419 aeris
1304 4344 1419 4419 sonitu
