3875 5759
550 950 599 1023 m
667 927 1412 1054 annnnn1teur1nu

446 1087 448 1092 Ι
549 1123 657 1191 nunt,
672 1129 712 1186 ac
732 1102 816 1176 fimo
835 1100 1000 1178 adlinuut.
1021 1103 1078 1177 Sic
1099 1104 1220 1178 obruta
1239 1105 1359 1176 iterum
1381 1104 1511 1178 laelnca

548 1205 787 1311 praedidoruin
805 1212 967 1284 seminum
991 1212 1143 1289 caulibus
1155 1213 1328 1285 ambietur.
1348 1215 1525 1311 [Lasluca¹

549 1325 636 1397 diua
660 1323 726 1415 est,
751 1323 845 1420 quod
871 1322 1072 1396 abundantia
1098 1322 1189 1397 lauis
1214 1324 1405 1416 exuberetl.
1431 1325 1512 1395 Hoc

547 1436 660 1507 mense
686 1433 882 1508 nasturtium
912 1434 1109 1509 constat&
1137 1432 1414 1537 omnitempore
1444 1431 1516 1505 elle·

547 1544 769 1640 ponendum,
782 1542 888 1632 loco,
901 1543 994 1641 quali
1017 1542 1238 1644 placebit,&
1258 1542 1372 1615 coelo:
1392 1538 1510 1613 simum

418 1742 422 1753 ι
548 1674 620 1723 non
648 1648 807 1722 desiderat
823 1675 833 1722 τ
852 1650 1030 1724 humorem
1052 1650 1211 1748 quamvis
1236 1649 1372 1748 diligat,
1396 1656 1515 1720 tamen·

545 1754 654 1852 ⁸deesse
676 1778 754 1846 non,
769 1774 871 1830 curat.
893 1747 1321 1843 supereminenter,
1340 1753 1428 1827 nasci
1442 1754 1510 1825 ser·

546 1881 602 1938 tur
615 1863 756 1961 egregie.
769 1868 810 1936 Et
826 1891 937 1955 nunc,
951 1869 989 1939 δι
1003 1867 1192 1955 mensbus,
1208 1866 1329 1960 quibus
1346 1862 1512 1951 volueris,

546 1974 586 2047 &
597 1971 703 2060 locis,
717 1995 849 2045 erucam
865 1974 971 2048 serere
985 1974 1034 2045 nil
1048 1974 1198 2059 moreris
1211 1975 1289 2046 Hoc
1300 1971 1400 2042 etiam
1413 1994 1511 2042 men·

548 2082 580 2155 se
604 2072 798 2167 caules‚'&
823 2103 900 2155 toto
923 2109 1019 2156 anno
1041 2084 1103 2156 seri
1128 2083 1288 2178 possunt,
1309 2081 1366 2155 sed
1387 2080 1514 2153 melius

546 2191 641 2280 aliis,
654 2191 774 2286 quibus
794 2192 997 2289 adscriptum
1023 2192 1080 2265 ell.
1103 2195 1181 2268 Hoc
1203 2194 1304 2266 etiarn
1328 2191 1440 2264 mense
1462 2192 1510 2262 al·

546 2298 631 2374 lium
652 2302 690 2372 δι
709 2298 860 2395 ulpicum
882 2301 967 2373 bene
985 2298 1197 2390 seriturtsed
1217 2300 1299 2373 allio
1324 2299 1398 2373 alba
1420 2318 1510 2372 terra

433 2498 437 2512 .
547 2406 718 2505 proficiet.

595 2519 675 2590 XV.
688 2517 804 2590 Mense
817 2516 990 2606 ianuario,
1004 2518 1200 2606 Februario,
1213 2520 1249 2596 &
1262 2519 1407 2608 Martio,
1423 2517 1514 2592 locis

541 2625 699 2723 frigidis,
713 2627 829 2727 calidis
851 2652 937 2701 vero
960 2627 1105 2726 Oslobri
1126 2627 1397 2720 dc'Novembri,
1411 2628 1513 2702 sorba

530 2738 702 2842 seruntur
728 2738 881 2836 egregie,
906 2738 952 2810 ita
976 2728 1162 2813 utrsiarura
1186 2741 1222 2813 in
1246 2741 1420 2813 seminario
1440 2739 1513 2834 ipsa

547 2872 651 2943 poma
668 2869 867 2946 pargantur.
886 2851 962 2946 Ego
978 2872 1139 2947 expertus
1158 2850 1250 2939 sum,
1269 2852 1389 2924 multas
1407 2851 1510 2923 arbo·

547 2984 620 3055 res,
639 2984 683 3030 ex
708 2958 819 3054 pomis
840 2959 960 3053 sponte
981 2959 1195 3058 progenitas,
1209 2962 1247 3033 dt
1270 2961 1305 3031 in
1327 2960 1515 3034 crescendo

548 3066 635 3140 &in
654 3064 794 3137 ferendo
808 3064 974 3137 exstitisse·
986 3065 1109 3144 felices
1127 3065 1377 3139 plantantem
1393 3066 1418 3135 st
1434 3067 1514 3163 quis

549 3197 678 3269 ponere
698 3174 867 3264 voluerit,
880 3175 1017 3248 habebit
1032 3176 1226 3267 arbitrium,
1241 3176 1428 3250 dummodo
1450 3202 1508 3250 ea·

398 3330 401 3334 -
549 3284 627 3356 lidis
649 3283 735 3358 locis
761 3285 872 3359 mense
896 3286 1110 3377 Novembri,
1134 3287 1326 3386 temperatis
1348 3288 1515 3361 ianuario

462 3465 464 3474 ,
550 3394 608 3468 vel
623 3396 823 3489 Februari03
840 3394 974 3493 'frigidis
992 3397 1121 3470 Martio
1141 3395 1326 3469 inclinante
1343 3395 1511 3491 disponat.

548 3502 651 3572 Amat
663 3502 739 3573 loca
760 3502 916 3589 humida,
937 3517 1100 3576 m‘ontana
1110 3557 1122 3591 ,
1135 3506 1171 3578 δι
1188 3500 1314 3606 frigidis
1331 3503 1509 3600 proxima,

551 3610 617 3704 [dc]
640 3607 754 3680 solum·
770 3610 1044 3708 pinguissimum:
1068 3608 1163 3703 cuius
1185 3610 1350 3685 indiciam
1373 3614 1518 3686 certisli·'

550 3742 644 3789 mum
666 3713 765 3806 facit,
781 3717 804 3788 si
822 3717 980 3813 frequens
999 3718 1374 3813 ubicunque'nascatur.
1394 3720 1513 3793 Planta

550 3826 596 3900 esi
609 3824 836 3905 transferenda
857 3826 1047 3917 robustior,
1062 3827 1213 3900 scrobem
1233 3827 1393 3901 desderat
1410 3828 1517 3901 altio„

549 3962 641 4023 rem,
657 3934 808 4030 &spatia
823 3935 988 4032 largiora,
1003 3956 1041 4010 ut
1055 3935 1168 4034 (quod
1181 3936 1232 4008 illi
1246 3937 1391 4010 maxime
1405 3939 1514 4031 prod-

550 4043 615 4141 est)
640 4042 799 4119 aventis
831 4043 1062 4143 frequentibus
1089 4044 1210 4140 agitata
1234 4044 1437 4143 grandescat.
1474 4047 1516 4119 Si·

552 4175 684 4225 vermes
702 4150 845 4248 patietur
862 4152 1021 4238 infestos,
1032 4151 1093 4249 qui
1106 4153 1141 4224 in
1155 4177 1194 4225 ea
1208 4149 1272 4225 rufi
1285 4178 1325 4225 ac
1346 4152 1442 4248 pilosi
1456 4153 1509 4224 so·

553 4257 624 4329 lent
649 4262 805 4333 medullae
828 4260 961 4334 interna
987 4261 1119 4351 sellari,
1143 4264 1275 4359 aliquos
1300 4287 1343 4335 ex
1366 4263 1417 4337 his
1440 4264 1512 4335 fine

553 4367 684 4443 arboris
698 4370 821 4467 injuria
840 4369 1028 4464 detractos,
1043 4367 1162 4448 vicino
1183 4393 1368 4458 crememus
1387 4371 1520 4454 iucen-s
