3875 5759
605 895 735 966 ruris
762 843 976 968 vernum.
1001 891 1100 992 sive
1126 894 1310 972 norom.
1368 900 1437 997 369

437 1099 439 1104 s
484 1056 627 1130 malibus
647 1055 822 1128 discrimen
842 1055 1037 1150 important.
1057 1054 1165 1146 Quod
1185 1056 1235 1128 his
1252 1058 1439 1154 deprehen·

484 1169 574 1239 ditur
589 1164 711 1264 signist'
731 1165 888 1252 Animal,
909 1166 1005 1261 quod
1021 1165 1148 1236 tardius
1169 1166 1313 1264 mingit,
1335 1170 1438 1247 latera

483 1276 547 1349 srbi
565 1275 700 1370 scalpit,
720 1273 776 1347 vel
792 1292 912 1346 terram
932 1274 1090 1361 mordet,
1114 1272 1195 1346 scias
1217 1300 1293 1347 eum
1313 1280 1439 1353 vermi·

469 1387 546 1465 bus
565 1386 629 1458 vel
639 1381 810 1456 lumbricis
825 1382 1032 1479 extorqueri.
1048 1381 1104 1454 cui
1124 1381 1184 1456 hac
1212 1383 1342 1457 ratione
1360 1385 1438 1461 suc·

484 1498 591 1572 curris
613 1524 623 1570 z
651 1495 800 1569 Brafficae
824 1493 907 1567 folia
933 1495 1137 1568 subtilillime
1166 1496 1372 1586 contundis,
1398 1502 1437 1576 δι

483 1605 674 1681 commiscis
688 1605 771 1679 boni
791 1604 869 1678 vini
882 1606 1017 1703 cotylas
1036 1609 1257 1703 quatuor‚'&
1279 1631 1338 1701 per
1361 1607 1440 1682 sani·

483 1716 583 1788 slram
606 1740 718 1788 narem
734 1714 892 1789 infundis.
908 1714 1056 1809 Sulphur
1067 1714 1167 1786 etiam
1183 1713 1302 1788 vivum
1318 1715 1352 1788 in
1365 1719 1439 1812 pul·
1534 1742 1535 1747 ’

484 1848 598 1899 vetem
612 1823 762 1919 rediges,
775 1824 812 1895 δι
826 1847 903 1895 cum
918 1821 999 1891 oleo
1014 1837 1123 1890 totum
1147 1838 1297 1892 ventrem
1313 1824 1440 1895 anima·

483 1935 525 2008 lis
545 1937 582 2008 δι
604 1953 776 2007 veretrum
793 1928 999 2026 perfricabis.
1019 1926 1232 1999 Abfinthium
1256 1930 1355 2001 etiam
1371 1931 1447 2020 tan,

482 2043 570 2141 giter
590 2068 668 2116 cum
694 2043 779 2112 vino
802 2041 991 2135 decoques,
1005 2040 1042 2112 δι
1065 2061 1124 2132 per
1144 2038 1300 2111 sinistram
1324 2064 1439 2115 narem

483 2147 655 2220 defundes.
686 2146 769 2218 laser
791 2169 928 2242 quoque
948 2145 1126 2243 Syriacum
1155 2147 1192 2219 δι
1214 2145 1294 2217 nitri
1316 2148 1438 2241 pulve-

483 2281 555 2328 rem
573 2281 651 2329 cum
674 2254 759 2327 vino
782 2254 943 2350 decoquis
980 2256 1019 2328 δι
1037 2278 1096 2351 per
1116 2279 1155 2329 os
1176 2255 1306 2355 digeris.
1326 2262 1439 2330 lnam·

482 2366 713 2448 halationibus
731 2366 852 2439 &leni
870 2306 968 2440 cursu
983 2368 1155 2441 exercebis
1177 2368 1211 2439 in
1237 2370 1318 2443 loco
1342 2370 1438 2443 molli

484 2481 540 2554 vel
563 2481 731 2551 herbido:
756 2480 811 2551 vel
836 2481 878 2552 ad
903 2506 1023 2577 aquam
1048 2482 1165 2553 leniter
1192 2484 1368 2554 abeuntem
1397 2484 1440 2554 ad

482 2592 614 2662 urinam
628 2589 799 2663 invitabis.
812 2589 846 2659 Si
859 2642 870 2673 ,
882 2589 940 2659 ubi
956 2589 1096 2683 aliquod
1116 2588 1204 2660 aliud
1217 2589 1339 2659 animal
1352 2589 1441 2666 ιιιίιι·Ι

482 2696 589 2783 sterit,
605 2715 780 2801 teneatur,
801 2693 931 2767 facilius
953 2712 1172 2787 provocatur.
1186 2696 1277 2785 Quae
1293 2694 1440 2789 praemit·

481 2815 622 2891 tuntur,
639 2822 676 2873 ut
691 2801 845 2872 veniatur
856 2803 898 2871 ad
911 2825 1025 2872 curas:
1039 2825 1123 2897 aqua
1136 2802 1226 2873 enim
1242 2803 1439 2876 calida'diu·

482 2914 602 2983 rislime
623 2910 729 2981 lumbi
756 2908 1019 2983 fovebuntur&
1045 2933 1164 3001 renes,
1186 2929 1267 2985 tune
1296 2912 1441 2986 avenam
1495 2961 1500 2970 ι

483 3018 643 3116 agrestem
660 3044 702 3090 ex
718 3019 804 3090 vino
822 3019 1012 3116 dulciffimo
1036 3020 1164 3092 duabus
1188 3019 1315 3118 cotylis
1336 3022 1441 3094 deco·

483 3128 582 3222 quis,
596 3130 633 3199 δι
653 3127 892 3220 petsrnistram
917 3152 1035 3199 narem
1052 3126 1202 3200 insundis
1223 3128 1355 3201 colatos
1376 3130 1442 3201 ltu·

484 3257 620 3306 mores:
644 3231 727 3306 licus
749 3253 909 3330 praetcrea
930 3236 1077 3331 optimas
1099 3227 1270 3332 decoques
1294 3235 1329 3306 in
1355 3261 1443 3331 aqua

484 3344 613 3441 corylis
639 3364 809 3440 quatuor,
831 3345 1008 3439 mixtoque
1033 3343 1113 3416 nitri
1132 3339 1273 3438 pulvere
1294 3344 1443 3416 fimiliter

483 3448 656 3521 defundes.
674 3450 801 3520 Allium
823 3471 960 3543 quoque
982 3471 1059 3520 cum
1083 3447 1167 3519 vino
1183 3450 1387 3535 decoctum,
1404 3455 1444 3522 δε

484 3582 546 3653 ρει
561 3555 721 3626 finistram
743 3552 1034 3641 narem‘insusum‚
1048 3555 1206 3649 producit
1228 3556 1351 3629 urinas.
1370 3560 1443 3629 Me-

484 3661 620 3736 mineris
636 3662 760 3751 statim,
774 3685 850 3734 curn
865 3659 900 3730 in
916 3659 1064 3755 pollione
1080 3663 1258 3751 ceciderit,
1278 3664 1445 3737 hordeum

485 3775 534 3846 eis
556 3772 813 3856 subtrahendum
837 3772 993 3866 penitus,
1018 3774 1057 3843 δι
1079 3793 1201 3866 potus,
1223 3776 1339 3845 herbas
1361 3774 1446 3846 viri·

484 3883 563 3970 des,
578 3883 632 3957 vel
651 3880 831 3978 sartagines
844 3884 884 3953 ad
906 3881 1151 3955 sustentandum
1166 3884 1299 3954 dandas.
1311 3886 1445 3955 Sarma-

486 4012 595 4065 tarum
622 4015 731 4064 autem
762 3990 929 4085 equitatus
959 4008 1090 4068 veteres
1116 3991 1295 4086 plurimum
1327 3991 1447 4062 value-

488 4120 588 4188 runt,
611 4101 686 4173 usus
711 4099 870 4187 invenit,
888 4118 925 4172 ut
944 4098 1099 4171 animalia
1119 4124 1138 4171 a
1159 4100 1254 4173 collo
1273 4097 1380 4195 usque
1403 4098 1446 4171 ad

486 4214 588 4313 pedes
605 4212 829 4285 involvantur
842 4211 884 4282 de
901 4211 984 4309 sagis
1028 4210 1266 4312 suppositisque
1289 4210 1447 4284 carboni·

487 4329 550 4403 bus
572 4322 663 4394 vivis
676 4323 791 4395 addito
813 4323 964 4394 castoreo
980 4265 1255 4420 suffumigentur,
1277 4338 1444 4395 utrorum

559 4438 684 4528 Scripta
698 4434 740 4506 R.
755 4436 797 4504 R.
811 4439 884 4507 Vol.
896 4436 961 4504 111.
1244 4435 1303 4503 Aa
1336 4432 1339 4437 ’
