3875 5759
620 882 1294 966 DERERUST1CAL13.L
1391 916 1439 991 49

480 1052 566 1127 bunt
577 1076 618 1125 ea
640 1049 889 1147 magnitudine,
905 1075 981 1146 quae
998 1049 1070 1146 apis
1091 1050 1237 1124 formam
1256 1065 1327 1122 non
1341 1051 1444 1147 poffit

480 1162 653 1235 ericedere.
674 1160 719 1231 fic
738 1158 826 1232 enim
846 1158 960 1256 noxiis
982 1158 1182 1238 animalibus
1201 1151 1345 1254 ingreffu
1361 1161 1443 1234 refi-

480 1270 593 1344 ssetur.
607 1268 766 1366 angusto:
787 1268 844 1341 vel
868 1267 892 1339 fi
916 1291 995 1362 apes
1016 1267 1168 1341 obsidere
1189 1267 1364 1345 voluerint
1383 1292 1445 1345 ex*

480 1399 622 1466 euntes,
635 1378 721 1467 alio,
740 1376 799 1450 ubi
817 1401 889 1451 non
907 1375 1057 1465 fuerint,
1078 1394 1215 1452 utentur
1231 1376 1377 1475 egreffui.
1522 1373 1533 1384 “

530 1491 697 1563 xxxlx.
709 1492 801 1585 Apes
813 1489 836 1560 fr
851 1488 1003 1562 emendae
1020 1486 1116 1567 funt,
1130 1487 1391 1581 provideamus,
1405 1513 1445 1566 ut

481 1600 582 1696 piena
601 1599 747 1673 alvearia
770 1616 1147 1695 comparenturtquam
1167 1621 1236 1669 rem
1259 1598 1314 1673 vel
1335 1598 1455 1697 inspe-¹

483 1710 564 1796 uio,
578 1710 634 1785 vel
648 1712 830 1784 murmuris
842 1709 1058 1809 magnitudo,
1073 1709 1129 1781 vel
1142 1705 1330 1806 frequentia
1344 1736 1446 1786 mon·

483 1818 562 1901 strat
583 1817 805 1896 commeantis
828 1843 867 1894 ac
892 1816 1070 1914 remeantis
1090 1816 1257 1889 examinis
1275 1842 1284 1887 t
1312 1820 1377 1911 [ἃ]
1398 1842 1463 1893 ex.

484 1922 598 2001 vicina
612 1923 727 2018 potius
739 1944 840 2021 quam
850 1920 1118 2017 [cilionginqua
1132 1919 1290 2017 regione,
1304 1946 1345 1996 ne
1360 1924 1463 1996 aeris·

484 2032 641 2103 novitate
653 2048 834 2104 tententur.
845 2030 880 2116 Si
896 2028 1127 2125 verolongius
1138 2028 1344 2103 advehendae
1356 2030 1447 2126 sunt,

486 2141 588 2212 noue
609 2140 702 2212 collo
724 2157 925 2234 portentur:
941 2162 1006 2210 nec
1026 2138 1219 2230 collocare,
1235 2164 1297 2215 nec
1317 2143 1446 2237 aperire

487 2248 654 2336 alvearia,
672 2249 733 2321 nift
756 2251 892 2345 vespere
912 2250 1075 2340 instante,
1096 2251 1263 2326 debemus.
1285 2252 1448 2347 specule-
1531 2254 1533 2258 ’

486 2384 564 2431 mur
580 2356 700 2430 deiude
712 2370 772 2455 per
787 2361 953 2448 triduum,
968 2347 1010 2431 ne
1024 2380 1127 2431 omne
1142 2360 1255 2452 januas
1269 2360 1339 2434 fuas
1352 2387 1450 2460 egro·¹

487 2470 597 2541 diatur
616 2494 767 2541 examen.
799 2469 979 2552 hocenim
994 2471 1090 2566 [igno
1110 2468 1223 2565 fugam
1246 2472 1451 2547 meditantur

488 2566 660 2660 affumere.
673 2580 806 2651 Contra
821 2577 893 2650 haec
913 2580 952 2650 δι
965 2594 1092 2660 cetera,
1106 2574 1167 2646 suo
1183 2581 1451 2680 unumquodque

488 2688 599 2776 mense
620 2689 806 2760 reddemuS.
825 2690 959 2757 Tamen
976 2679 1160 2757 creduntur
1179 2686 1408 2781 nomfugere,
1425 2691 1475 2763 fi·

489 2798 621 2869 stercus·
636 2792 858 2891 primogeniti
878 2790 979 2864 vituli
999 2787 1183 2860 adlinamus
1203 2789 1453 2876 oribgmascu.

489 2906 614 2977 lorum.
1246 2909 1265 2980 [t
1280 2923 1311 2982 rc
1330 2943 1357 2980 ,υ
1460 2941 1476 2976 ·.

542 3014 616 3084 XL.
643 3007 726 3079 Non
748 3003 894 3079 alienum
916 3000 983 3095 eff,
1003 3000 1027 3077 fi
1047 3026 1141 3101 aquae
1165 3005 1263 3103 copia
1289 3008 1457 3105 patiatur,

495 3118 766 3222 patremfamilias
781 3117 822 3188 de
836 3118 993 3189 strudura
1007 3115 1117 3189 balnei
1132 3105 1300 3214 cogitatu
1314 3147 1389 3218 quae
1401 3149 1456 3199 res

457 3273 466 3286 ·
495 3237 534 3308 &
554 3228 723 3325 voluptati
735 3225 915 3324 plurimum
931 3225 1066 3299 confert
1080 3229 1119 3301 δι
1133 3225 1369 3325 salutirltaque
1384 3232 1474 3306 bal·-

496 3368 598 3419 neum
618 3338 858 3413 constituemus
874 3336 911 3408 in
930 3362 967 3409 ea
989 3360 1103 3434 parte,
1117 3361 1184 3434 qua
1207 3340 1301 3416 calor
1322 3339 1483 3417 futurus.

465 3536 472 3552 ⁸
497 3454 563 3540 en,
578 3452 659 3523 loco
678 3447 718 3519 ab
731 3446 874 3527 humore
891 3444 1066 3539 suspenso,
1079 3470 1122 3517 ne
1140 3445 1232 3544 uligo
1247 3449 1322 3521 euin
1338 3449 1457 3525 forna·
1488 3522 1490 3527 ,

498 3565 593 3641 cibus
610 3559 727 3633 vicina
745 3556 927 3652 refrigeret.
946 3554 1089 3646 Lumina
1104 3555 1137 3644 ei
1157 3557 1307 3634 dabimus
1327 3586 1346 3634 a
1361 3581 1457 3658 parte
1473 3617 1477 3624 -

500 3669 697 3755 meridiana,·
709 3670 747 3741 dc
767 3666 965 3760 Occidentis
987 3662 1189 3753 hiberni‚uc
1208 3686 1279 3746 tota
1301 3669 1355 3743 die
1377 3670 1458 3747 solis

499 3779 691 3878 juvetur&
710 3776 890 3848 illustretur
903 3774 1046 3870 aspedu.
1066 3773 1280 3869 suspensuras
1295 3801 1379 3852 vero
1392 3781 1477 3854 cel··

501 3892 609 3986 larum
623 3886 669 3959 stc
681 3884 781 3957 facies
793 3910 802 3957 ε
815 3889 935 3956 Aream
951 3883 1064 3979 primo
1078 3881 1207 3978 bipedis
1220 3883 1348 3973 sternis,
1360 3886 1459 3960 incli-

503 4020 580 4071 nata
596 3997 636 4069 fit
648 4016 758 4067 tamen
775 3993 912 4065 stratura
925 3991 967 4064 ad
979 3989 1174 4081 fornacem,
1188 4012 1224 4065 ut
1240 3993 1264 4066 fi
1278 3995 1379 4089 pilam
1395 3996 1460 4070 mi·

504 4110 601 4205 seris,
620 4110 713 4180 intro
738 4104 820 4177 flare
839 4127 911 4190 non
923 4153 925 4158 .
938 4100 1054 4196 poffit,
1072 4101 1128 4174 sed
1150 4104 1192 4174 ad
1214 4102 1386 4196 fgrnacem
1408 4132 1482 4182 ren

506 4237 628 4293 currat.
650 4216 693 4289 fic
707 4214 843 4289 eveniet
853 4267 869 4303 ,
879 4229 917 4286 ut
931 4212 1065 4286 flamma
1079 4212 1183 4286 altum
1198 4215 1344 4316 petendo
1359 4217 1460 4292 cellas

506 4327 606 4422 faciat
627 4324 700 4418 plus
713 4324 835 4430 calere.
849 4324 1061 4417 Suprahanc
1074 4321 1247 4408 straturam
1267 4322 1345 4419 pila
1360 4324 1461 4409 latera

575 4433 702 4534 bertium
716 4435 758 4513 R.
773 4438 978 4514 R.V01.111.
1179 4531 1186 4542 .
1278 4434 1316 4509 D
