3875 5759
599 955 704 1044 uu.
741 972 828 1050 ΧΗ.
866 967 1298 1057 uoveuueu.
1357 1004 1424 1092 ιο,

483 1126 786 1218 majoresxarbores
808 1131 1045 1208 transferemus
1068 1135 1225 1209 tnrncatis
1246 1138 1429 1230 ramis,'il·

481 1239 564 1322 laefis
577 1240 767 1331 radicibus,
790 1241 898 1338 multo
911 1243 1057 1318 stercore
1076 1248 1113 1320 δι
1136 1247 1356 1347 rigationibus
1369 1251 1429 1324 ad·

482 1343 655 1439 juvandus
672 1375 674 1380 ·
1097 1362 1099 1370 “

530 1457 637 1529 xvu.
660 1458 781 1530 Graeci·
796 1457 832 1531 in
854 1458 1060 1534 conficiendi
1079 1462 1146 1536 olei
1171 1466 1345 1561 preceptis
1369 1465 1429 1540 ista

481 1560 651 1657 jusserunt.
679 1586 807 1656 tantum
829 1568 1006 1666 legendum
1035 1571 1099 1645 esse
1121 1574 1247 1659 olive,
1265 1593 1429 1670 quantum

482 1674 582 1746 mlle
603 1669 761 1749 v'eniente
777 1678 937 1773 possumus
954 1681 1153 1778 exprimere.
1171 1683 1295 1756 molam
1317 1684 1431 1779 primo

480 1783 565 1853 oleo
579 1784 702 1859 debere
715 1787 836 1861 leviter
849 1787 1122 1883 effesuspensam.
1141 1791 1210 1864 olla
1234 1791 1323 1863 enirn
1344 1807 1433 1866 eon·

481 1886 580 1964 srada
598 1891 790 1970 sordescunt
803 1920 812 1966 t
827 1919 928 1989 quare
949 1898 991 1965 de
1005 1894 1083 1967 solis
1100 1896 1252 1969 carnibus
1271 1897 1310 1968 fit
1327 1898 1433 1991 prima
1549 1896 1552 1904 ’
1580 1909 1582 1914 ’

481 1998 662 2073 confertio.
694 2001 845 2094 [&.de]
870 2000 1004 2096 salignis
1031 2001 1190 2075 canistros
1215 2000 1287 2075 fieri
1313 2006 1433 2077 debere

482 2107 659 2203 virgultis,
671 2112 751 2204 quia
772 2132 876 2208 genus
897 2110 964 2183 hoc
982 2110 1095 2184 oleum
1115 2111 1244 2186 'dicitur
1264 2112 1434 2208 adiuvare.

484 2215 643 2287 Nobilius
666 2217 751 2304 erit,
766 2219 859 2316 quod
870 2217 999 2313 'sponte
1012 2218 1196 2298 defluxerit.
1210 2219 1298 2294 Sales
1314 2221 1435 2294 deinde

436 2389 439 2396 .
484 2347 524 2395 ac
540 2324 671 2425 'nitrum
687 2323 807 2421 jubent
824 2350 922 2398 novo
948 2326 1029 2400 oleo
1052 2326 1204 2419 misceri,
1221 2344 1271 2399 ut
1284 2329 1357 2401 haec
1380 2353 1434 2402 res

484 2431 721 2536 spissitudinem
750 2433 822 2530 elus
848 2434 1025 2509 absolvatr'
1047 2436 1170 2509 deinde
1193 2461 1270 2508 curn
1300 2461 1434 2509 amurca

484 2542 684 2634 subsederit,
702 2545 826 2626 oleum'
839 2570 961 2643 purum
974 2598 985 2634 ,
1000 2564 1086 2616 xxx
1100 2545 1217 2617 diebus
1229 2543 1370 2629 exubiis,
1397 2544 1435 2614 in

485 2648 592 2722 vitrea
613 2651 690 2725 vass
712 2652 896 2725 transferri.
915 2650 1121 2738 secundum,
1141 2646 1239 2721 simili
1260 2646 1434 2744 disciplina

483 2753 577 2846 fieri,
596 2757 650 2827 sed
665 2757 758 2829 mola
774 2755 920 2832 fortiore
940 2754 1091 2850 quassari.

531 2868 654 2940 XVlll.
675 2866 801 2938 Oleum
819 2863 962 2960 primum
979 2860 1164 2936 Liburnico
1180 2860 1284 2934 simile
1301 2860 1372 2935 lieri
1386 2861 1434 2936 as·
1581 2917 1585 2924 .

484 2973 599 3047 serunt
622 2972 856 3063 Graeci,s1in
883 2973 1018 3068 optimo
1038 2968 1136 3068 viridi
1160 2970 1282 3069 [oleo]
1309 2970 1435 3044 inulam

483 3082 603 3155 siccam
622 3080 758 3156 &lauri
779 3080 860 3153 folia
880 3083 916 3154 δι
938 3105 1123 3179 cyperum,
1137 3078 1252 3151 omnia
1274 3079 1370 3153 fimul
1383 3097 1435 3153 tu·

484 3192 540 3282 ss,
556 3195 593 3266 δι
612 3192 785 3265 subtiliter¹
798 3209 887 3263 ctera
906 3190 1101 3287 permisceas
1116 3199 1194 3262 'cunr
1217 3187 1337 3262 salibus
1359 3208 1435 3264 tor·

442 3361 446 3369 .
483 3302 613 3375 resaslis
634 3329 674 3377 ac
701 3301 811 3392 tritis,
838 3302 955 3377 &diu
984 3302 1064 3374 oleo
1093 3298 1211 3391 injelba
1236 3302 1434 3394 perturbes,

484 3413 604 3485 deinde
621 3414 727 3485 tribus
744 3432 804 3504 aut
824 3412 998 3509 aliquanto
1018 3409 1160 3516 amplius
1180 3406 1349 3503 [decursu]
1364 3408 1435 3480 die·

487 3519 570 3604 bus,
584 3543 660 3591 cum
685 3517 875 3616 quieverit,
893 3518 1004 3589 utaris.

532 3627 629 3704 XIX.
645 3625 679 3697 Si
703 3625 815 3697 sordet
836 3624 948 3697 oleum
962 3677 973 3709 ,
986 3621 1101 3695 frisios
1117 3624 1154 3696 δι
1167 3621 1278 3697 adhuc
1291 3622 1436 3720 calentes

485 3734 567 3807 sales
587 3732 680 3826 injici
699 3732 837 3827 jubent,
856 3735 894 3807 δι
915 3732 1091 3830 diligenter
1110 3729 1245 3827 operiri.
1266 3730 1311 3804 ita
1333 3756 1436 3804 mun·
1495 3825 1498 3832 Ι

487 3844 567 3915 dum
587 3841 685 3912 reddi·
697 3840 772 3935 post
790 3857 920 3937 tempus
940 3839 1110 3934 exiguum.

534 3951 614 4023 XX.
634 3948 667 4021 si
683 3948 784 4023 fuerit
798 3947 914 4022 odoris
929 3947 1110 4038 horrendi,
1125 3946 1248 4022 virides
1267 3944 1378 4020 olivas
1390 3943 1435 4016 sr-
1515 3945 1518 3952 ’

486 4086 530 4132 ne
553 4060 677 4133 ollibus
690 4059 807 4149 tundi,
822 4062 859 4133 dt
874 4059 909 4131 in
929 4058 997 4132 olei
1016 4078 1151 4152 mettere
1169 4055 1339 4131 choenices
1355 4053 1436 4125 duas

488 4166 587 4238 mitri.
610 4168 634 4237 si
655 4167 767 4240 baccae
795 4166 980 4254 defuerint,
999 4167 1107 4244 caules
1128 4163 1325 4241 tenerrimos
1349 4161 1435 4234 oleae

486 4274 638 4347 similiter
660 4273 722 4347 effe
741 4263 942 4348 tundendos.
964 4274 1130 4347 Nonnulli
1148 4294 1288 4367 utraque
1314 4269 1436 4365 permi-

489 4384 606 4490 scent,
629 4380 877 4481 adjeslo'etiuu
893 4384 967 4459 sale.
983 4385 1038 4461 sed
1054 4383 1169 4461 omnia
1189 4382 1276 4456 intra
1297 4378 1435 4457 linteum
