3875 5759
576 1039 578 1049 Ι
620 964 661 1011 12
748 936 953 1045 vaca
974 934 1007 1007 τ
1032 937 1047 1008 1
1071 903 1160 1011 τῖ’-ι
1186 938 1201 1007 1
1224 936 1260 1009 a.
1309 936 1378 1054 ut.

486 1125 490 1132 ·
583 1093 627 1170 tis
639 1093 816 1186 sextarium
828 1094 924 1169 semis
941 1094 1081 1196 emolis,
1095 1093 1301 1190 farinamque
1316 1090 1550 1165 molliffimam

582 1202 688 1280 {acies
699 1257 710 1293 ,
721 1228 764 1277 ex
778 1229 846 1300 qua
861 1203 1001 1301 singulas
1020 1204 1169 1276 heminas
1187 1227 1264 1275 cum
1277 1200 1412 1299 fingulis
1434 1201 1549 1273 hemi-

582 1312 636 1385 nis
653 1338 750 1410 aquae
772 1337 886 1408 peros
899 1338 959 1411 ρετ
976 1313 1123 1387 triduum
1137 1314 1281 1409 degeres.
1300 1314 1406 1383 Vetus
1429 1329 1547 1382 autem
1607 1363 1609 1372 .

582 1421 675 1495 tuffis
701 1420 830 1494 aboleri
856 1422 1031 1511 creditur,
1058 1422 1084 1493 ss
1110 1421 1255 1519 cyathos
1276 1439 1341 1491 tres
1367 1442 1411 1490 ex
1438 1418 1547 1493 succo

582 1532 677 1627 porri
700 1558 776 1607 cum
799 1532 933 1606 hemina
955 1533 1025 1606 olei
1044 1532 1194 1629 pluribus
1210 1530 1325 1602 diebus
1345 1554 1405 1626 pet
1429 1528 1546 1605 fauces
1604 1607 1608 1615 ,

583 1638 749 1714 defundis.
767 1641 955 1714 Tuffientes
969 1666 1009 1713 ac
1030 1639 1115 1712 vulfi
1131 1640 1196 1711 hac
1208 1636 1349 1734 potione
1363 1657 1547 1712 curantur:
1595 1672 1598 1676 ¹

581 1749 720 1823 Panacis
739 1750 868 1826 radicis
878 1751 994 1824 uncias
1011 1749 1114 1837 duas,
1134 1746 1297 1843 sulphuris
1317 1746 1392 1820 vivi
1406 1748 1544 1822 unciam

583 1884 707 1949 unam,
721 1860 806 1934 tutis
829 1858 967 1932 masculi
984 1858 1099 1946 uncias
1112 1856 1218 1946 duas,
1236 1856 1384 1953 myrrhae
1405 1857 1543 1953 troglo-

583 1970 676 2069 dytis
696 1970 831 2045 unciam
855 1997 956 2044 unam
980 1968 1166 2045 commixta
1190 1967 1226 2038 in
1248 1966 1422 2061 pulverem
1450 1968 1544 2040 redi·

581 2106 663 2177 ges,
678 2105 720 2154 ex
734 2105 806 2176 quo
827 2082 896 2153 duo
911 2080 1101 2155 cochlearia
1121 2103 1196 2151 cum
1215 2076 1347 2148 duobus
1371 2075 1470 2164 ovis,
1485 2078 1542 2150 ad·

582 2188 652 2261 dita
676 2187 750 2259 vini
775 2189 898 2261 veteris
921 2188 1079 2274 hemina,
1100 2186 1219 2259 diebus
1241 2185 1390 2283 quinque
1409 2185 1466 2260 vel
1491 2186 1541 2259 se·

583 2312 674 2389 ptem
700 2318 760 2387 pet
780 2319 820 2367 os
844 2294 947 2367 dabis.
967 2298 1153 2388 Expertum
1175 2292 1299 2365 dicitur
1311 2292 1426 2380 ,ulmi
1448 2294 1541 2367 cine*

581 2428 654 2475 rem
675 2402 892 2490 leviffimum,
905 2400 939 2472 id
962 2402 1030 2491 est,
1045 2400 1196 2473 favillam
1218 2426 1303 2498 aqua
1324 2403 1449 2499 tepenti
1466 2421 1541 2499 per-¹

582 2510 745 2597 miscete,
765 2511 802 2584 δι
829 2507 898 2580 olei
921 2506 1005 2579 boni
1032 2527 1162 2601 aequam
1186 2508 1372 2583 mensuram
1393 2509 1540 2599 addere,

581 2617 768 2717 jundisque
778 2618 888 2695 tribus
903 2617 1003 2706 ovis,
1017 2615 1154 2708 diehtu,
1168 2634 1254 2717 quot
1274 2618 1449 2710 volueris,
1462 2620 1541 2693 dare

582 2741 644 2828 ρετ
665 2728 788 2802 fauces.

623 2841 747 2912 LXIX.
759 2837 962 2913 Validiffima
975 2855 1093 2913 contra
1106 2837 1213 2910 tuffim
1227 2839 1265 2912 δι
1280 2839 1433 2913 vomicas
1445 2855 1540 2913 comi

582 2946 709 3043 positio
731 2947 800 3018 est:
819 2948 917 3020 Su'cci
932 2945 1092 3024 marrubii
1116 2946 1255 3038 expreffi
1276 2946 1466 3037 heminam,
1486 2973 1539 3021 ca·

464 3072 467 3078 '
562 3055 788 3129 .ricass1ccas
813 3076 916 3143 xxV,
938 3057 1046 3128 mellis
1066 3056 1190 3146 Attici,
1205 3055 1261 3127 vel
1288 3056 1418 3155 cymini
1434 3058 1540 3130 sexta*

581 3163 669 3235 rium
693 3162 822 3252 semis,
836 3164 873 3244 in
894 3165 963 3236 olla
986 3188 1080 3237 nova
1102 3166 1143 3236 ad
1171 3166 1316 3239 medium
1344 3161 1542 3259 dedoques,

494 3364 496 3366 Ι
577 3268 659 3367 post
680 3269 828 3368 myrrhae
849 3269 1055 3367 troglodytis
1081 3270 1195 3343 uncias
1224 3274 1328 3361 duas,
1349 3271 1448 3343 dauci
1470 3298 1543 3343 un·

582 3378 669 3453 ciam
691 3404 813 3469 unam,
831 3379 937 3450 caffiae
953 3376 1070 3452 fistula
1088 3380 1221 3454 unciam
1247 3380 1363 3475 semis,
1388 3377 1541 3454 cinnami
1590 3398 1592 3402 ’

505 3495 508 3500 ’
581 3488 822 3579 semiunciam,
847 3488 930 3561 turis
957 3488 1099 3564 masculi
1124 3490 1287 3579 unciam,
1311 3487 1540 3563 aristolochiae

581 3597 696 3671 uncias
716 3600 818 3687 duas,
839 3598 1049 3694 opopanacis
1071 3599 1229 3689 unciam,
1247 3596 1446 3698 irisrllyricae
1471 3607 1558 3669 un-'

580 3706 666 3781 eiam
685 3706 801 3794 semis,
815 3708 935 3782 radicis
957 3707 1093 3805 panacis
1109 3707 1266 3797 unciam,
1284 3708 1439 3783 universa
1454 3726 1539 3781 con-¹

580 3816 683 3889 terito
703 3837 803 3915 atque
824 3818 973 3890 cribrato
987 3871 999 3905 ,
1022 3821 1060 3890 δι
1075 3815 1173 3911 supra
1186 3817 1484 3906 medicamentum,
1499 3813 1538 3887 in

580 3948 652 4021 quo
674 3929 740 3999 mel
755 3930 792 4002 ὅτ
810 3926 893 4000 ficus
912 3926 1063 4015 coxeris,
1077 3924 1229 4014 mittito,
1247 3928 1284 3999 δι
1305 3925 1450 3998 studiose
1467 3923 1538 4021 agi-

580 4053 654 4109 tans
672 4036 802 4111 fervere
815 4035 919 4112 facito
934 4034 1093 4133 paulatim
1107 4035 1311 4108 carbonibus
1325 4037 1442 4123 lentis,
1460 4033 1537 4130 post

579 4142 617 4219 in
635 4147 784 4242 pixidem
803 4147 993 4243 plumbeam
1008 4146 1064 4219 vel
1078 4144 1220 4243 ligneam
1233 4145 1400 4233 condito,
1414 4170 1456 4218 ex
1469 4168 1536 4241 qua

581 4251 661 4327 bina
680 4253 872 4327 cochlearia
891 4275 967 4328 cum
994 4252 1127 4325 hemina
1148 4250 1221 4326 vini
1245 4276 1304 4349 per
1323 4276 1364 4327 os.
1382 4252 1538 4350 quotidie

495 4377 498 4384 ·
580 4361 728 4459 degeres.
739 4364 850 4441 Vulfis
864 4364 921 4442 vel
933 4360 1142 4439 tuffientihus
1154 4361 1288 4462 prodest
1304 4361 1451 4463 singulos
1463 4360 1538 4434 sert·v
