3875 5759
531 850 1393 1000 mautucxotuxutttu

528 1074 671 1155 helitum
686 1077 785 1175 pestis
802 1076 962 1150 exhalant
972 1079 1033 1168 ,dt
1050 1078 1225 1174 occupatis
1239 1078 1346 1153 statim
1358 1080 1493 1154 natibus

527 1208 736 1288 extorquent
763 1186 911 1277 animas,
937 1187 998 1260 nist
1023 1187 1099 1285 quis
1113 1187 1204 1286 'fugae
1230 1190 1290 1260 fibi
1313 1190 1495 1264 velocitate

527 1304 710 1378 succurrat.
732 1297 828 1371 Prius
848 1323 932 1396 ergo
950 1323 1050 1395 quam
1068 1299 1288 1371 descendatur
1302 1301 1344 1374 ad
1359 1301 1495 1391 intima,

526 1415 564 1489 in
587 1412 635 1485 eis
656 1411 743 1484 locis
764 1409 936 1481 lucernam
959 1408 1062 1505 ponis
1078 1410 1275 1498 accensam,
1292 1411 1413 1506 quaest
1433 1437 1497 1484 ex·

525 1522 643 1596 {tincta
660 1546 732 1593 uon
746 1517 869 1609 fuerit,
886 1519 1076 1616 periculum
1098 1544 1171 1592 non
1191 1520 1347 1607 timebis,
1364 1522 1386 1592 fi
1408 1547 1495 1595 vero

525 1630 775 1727 exstinguetur,
802 1628 1054 1703 cavendusrest
1081 1630 1201 1718 locus,
1232 1656 1333 1727 quem
1363 1631 1497 1727 spiritus

521 1742 682 1819 ‘mortifer
704 1740 898 1837 occupabit.
927 1740 1085 1834 Quodsi
1110 1739 1179 1813 aiio
1204 1741 1287 1833 loco
1311 1768 1397 1837 aqua
1422 1769 1495 1816 non

524 1850 638 1951 potest
655 1848 826 1942 inveniti,
839 1849 975 1921 dextera
989 1836 1144 1947 sevaque
1159 1867 1283 1946 puteos
1300 1848 1494 1943 fodiemus,

458 1979 462 1989 “
523 1962 629 2059 usque
649 1960 691 2033 ad
712 1984 808 2056 aquae
829 1958 1250 2055 ipsiussibramentum,&
1265 1951 1307 2031 ab
1329 1959 1379 2030 his
1398 1950 1494 2033 fora-2

448 2078 450 2082 ’
523 2071 617 2145 mina
643 2068 826 2142 hincinde
849 2066 1009 2162 patefacta
1023 2121 1034 2156 ,
1048 2068 1142 2140 velut
1164 2092 1281 2156 nares,
1297 2066 1388 2139 intus
1411 2083 1494 2165 agei

523 2208 622 2273 mus,
637 2205 703 2278 qua
725 2204 854 2254 nocens
870 2180 1004 2274 spiritus
1025 2192 1190 2277 evaporet
1204 2209 1298 2280 :quo
1319 2182 1430 2272 sasso,
1447 2184 1494 2255 la·

508 2308 592 2363 teta
611 2308 790 2386 puteorum
804 2285 964 2359 structura
985 2285 1147 2383 suscipiat.
1163 2293 1355 2363 Fodiendus
1369 2291 1416 2363 est
1430 2318 1494 2365 au·

522 2425 591 2477 tem
609 2420 749 2498 puteus,
762 2399 941 2472 latitudine
959 2400 1041 2472 odo
1055 2403 1176 2497 pedum
1191 2406 1493 2500 quoquoversum,

467 2525 469 2542 ³
520 2530 559 2584 ut
581 2510 682 2587 binos
704 2509 806 2606 pedes
825 2507 986 2580 structura
1005 2509 1210 2586 concludat:
1225 2537 1302 2607 quae
1325 2512 1493 2590 structura

522 2622 674 2696 vestibus
690 2618 815 2718 ligneis
835 2619 975 2691 subinde
998 2618 1174 2708 densetur,
1190 2621 1227 2693 &
1244 2619 1361 2693 struda
1383 2621 1420 2693 fit
1442 2625 1493 2695 la-

522 2725 602 2831 pide
622 2732 755 2806 tofacio
765 2787 778 2820 ,
791 2732 849 2806 ves
869 2730 972 2805 filice.
991 2732 1025 2803 Si
1040 2756 1126 2829 aqua
1140 2731 1260 2804 limosa
1282 2733 1399 2825 suerit,
1417 2735 1492 2810 salis

520 2842 733 2915 admixtione
748 2841 950 2938 corrigatur.
973 2840 1037 2913 Sed
1050 2841 1135 2937 dum
1159 2840 1287 2915 soditut
1308 2863 1450 2938 puteus,
1465 2847 1490 2918 sr

520 2972 612 3024 terra
630 2949 819 3044 nonsiabit'
833 2950 922 3023 vitio
942 2948 1072 3045 generis
1090 2949 1327 3032 dissoluti3aut
1346 2954 1491 3028 humore

519 3060 713 3144 laxabitur,
732 3056 862 3127 tabulas
878 3054 1019 3146 objicies
1039 3056 1178 3145 directas
1195 3062 1365 3157 undique,
1385 3065 1422 3136 ὃ(
1435 3087 1490 3135 eas

519 3166 713 3239 transversis
737 3165 893 3239 vectibus
916 3162 1112 3254 sustinebis,
1134 3191 1177 3237 ne
1198 3166 1368 3242 fodientes
1391 3173 1489 3248 ruina

469 3312 471 3317 ·
517 3275 715 3353 concludat.
762 3337 764 3341 ,
826 3351 829 3356 ⁴

551 3387 616 3460 ¹X.
646 3389 778 3481 Aquam
802 3408 890 3457 vero
916 3407 1045 3456 novam
1070 3382 1116 3458 fic
1141 3384 1323 3481 probabis:
1347 3389 1386 3459 In
1408 3388 1486 3461 vase

517 3522 616 3570 aeneo
641 3495 752 3567 nitido
782 3494 925 3591 spargis,
947 3496 985 3569 δι
1012 3495 1035 3566 st
1061 3496 1228 3583 maculam*
1248 3521 1321 3567 uon
1349 3497 1490 3591 secerit,

516 3605 705 3705 probabilis
721 3605 900 3699 judicetur.
920 3610 1001 3678 {tem
1018 3607 1155 3678 decoda
1172 3631 1268 3677 aeneo
1284 3608 1450 3696 vasculo,
1466 3610 1489 3681 st

514 3740 650 3789 arenam
672 3716 729 3785 vel
753 3714 870 3785 limum
897 3738 969 3784 non
994 3715 1210 3810 relinquit‘in
1237 3716 1371 3804 fundo,
1396 3720 1486 3809 utilis

516 3828 591 3899 erit.
615 3829 698 3898 Item
718 3825 741 3896 st
762 3824 932 3923 legumina
953 3825 1025 3896 cito
1047 3823 1175 3896 vaiebit
1196 3852 1405 3923 excoquere,
1429 3830 1486 3901 vel

515 3939 541 4013 st
571 3939 691 4012 colore
721 3936 898 4033 perlucido
926 3942 1043 4016 carens
1069 3935 1208 4025 musco,
1229 3941 1266 4010 &
1294 3938 1389 4008 omni
1411 3939 1486 4011 labe

512 4047 719 4145 pollutionis
738 4047 857 4119 aliena.
885 4045 948 4117 Sed
967 4045 1025 4139 qui
1044 4044 1079 4116 in
1094 4048 1164 4118 alto
1188 4048 1260 4119 sunt
1281 4048 1486 4145 putei,per·

513 4158 633 4232 foratis
655 4158 757 4255 usque
778 4158 819 4229 ad
842 4155 991 4228 infimam
1012 4176 1140 4249 partem
1157 4158 1315 4243 terrisad
1330 4158 1406 4229 loca
1429 4161 1485 4231 in·

471 4305 477 4317 ·
513 4266 659 4355 seriora,
675 4267 811 4364 possunt
828 4267 904 4345 vice
922 4264 1030 4339 fontis
1040 4267 1195 4364 ,exire,s1
1216 4268 1315 4343 vallis
1332 4269 1484 4365 subjediae

515 4383 634 4450 natura
654 4381 835 4476 permittat.
