3875 5759
597 882 730 986 ausus
755 879 967 955 vassum.
993 869 1093 952 uve
1117 880 1305 980 nusum
1366 879 1433 978 383

481 1041 700 1139 perfricabis,
726 1041 823 1137 supra
848 1065 947 1140 quam
969 1038 1120 1112 bmiliter
1136 1065 1212 1113 cum
1231 1038 1361 1115 furfure
1382 1069 1439 1117 ca·

480 1149 605 1223 lentem
626 1149 802 1223 saccellum
821 1150 998 1245 imponiS,
1015 1148 1083 1221 hoc
1102 1147 1219 1220 usurus
1239 1157 1439 1247 unguento:

480 1261 641 1333 Medulla>
662 1261 811 1334 cervinae
830 1261 948 1333 libram
972 1285 1099 1350 uuam,
1115 1283 1247 1332 mannae
1270 1260 1351 1333 turis
1377 1289 1440 1336 un·

481 1369 550 1445 cias
563 1390 728 1468 quatuor,
743 1370 833 1465 depli
845 1369 962 1445 uncias
974 1388 1060 1457 tres,
1076 1368 1216 1443 castorei
1229 1369 1344 1442 uncias
1355 1387 1438 1461 tres,

482 1480 691 1576 opopanacis
712 1481 829 1555 uncias
843 1498 932 1567 tres,
954 1479 1072 1552 resana
1091 1476 1327 1574 frixaeluncias
1349 1497 1442 1572 tres,

482 1613 663 1687 apocyrnae
688 1588 803 1662 uncias
830 1607 920 1678 tres,
945 1589 1062 1669 restnae
1091 1586 1304 1661 terebintinae
1325 1590 1444 1665 uncias
1480 1579 1483 1586 ⁵

484 1701 590 1788 duas,
604 1724 692 1772 cetae
713 1700 832 1776 libram
853 1700 971 1792 semis,
986 1699 1054 1772 olei
1069 1696 1191 1770 lautini
1210 1698 1326 1771 uncias
1341 1701 1445 1787 odo,

484 1810 554 1883 olei
567 1809 708 1907 cyprini
727 1811 867 1896 libram,
889 1813 958 1883 olei
977 1809 1124 1905 glaucini
1137 1806 1314 1879 sextarium
1329 1836 1446 1887 unum.

484 1921 536 1990 Ex
549 1920 601 1992 his
618 1920 702 1996 succa
718 1946 794 2018 quae
812 1920 957 2006 fuerint,
978 1918 1090 1989 tundis
1109 1918 1146 1988 δι
1169 1915 1293 1988 cribtas
1308 1969 1320 2004 ,
1338 1939 1447 1992 cetera

485 2028 582 2124 super
606 2031 771 2103 carbones
788 2029 892 2101 solvis
906 2078 918 2115 ,
932 2026 1055 2123 quibus
1070 2041 1194 2099 cretam
1215 2024 1395 2116 admisces,
1409 2032 1448 2103 &

486 2138 610 2209 leviter
631 2135 795 2232 decoquis
813 2135 849 2208 in
872 2135 950 2210 vase
975 2160 1093 2220 novo,
1108 2135 1265 2207 unsturus
1287 2159 1367 2208 curn
1390 2162 1449 2212 ne·

489 2246 617 2319 cessitas
639 2244 881 2340 postulaverit,
895 2245 1034 2343 reponis
1053 2269 1092 2317 ac
1112 2244 1234 2318 servas.
1260 2248 1333 2320 Hac
1358 2272 1450 2344 quo·
1471 2291 1477 2302 ·

488 2376 557 2450 que
570 2353 713 2447 potione
735 2351 934 2426 intrinsecus
959 2352 1102 2427 curabis.
1120 2351 1289 2427 Absulthii
1314 2355 1450 2429 unciam

489 2483 613 2552 unam,
629 2461 854 2535 aristolochiae
878 2462 997 2537 uncias
1021 2481 1112 2552 tres,
1137 2464 1305 2537 beronicae
1333 2466 1450 2539 uncias

490 2574 592 2662 duas,
609 2571 805 2667 petroselini
826 2569 961 2645 unciam
977 2597 1100 2661 unam,
1120 2574 1158 2644 δι
1183 2571 1278 2644 semis
1290 2626 1300 2657 ,
1314 2574 1450 2670 trixagi-

490 2680 544 2754 nis
558 2682 694 2754 unciam
712 2707 811 2753 unam
822 2734 833 2773 ‚
846 2681 931 2757 turis
949 2680 1088 2756 masculi
1106 2681 1222 2754 uncias
1240 2699 1324 2772 tres,
1340 2684 1453 2755 callo·

492 2789 541 2862 rei
561 2790 680 2861 uncias
700 2790 800 2874 duas,
824 2813 956 2862 mannae
971 2788 1098 2864 succari
1119 2788 1235 2862 uncias
1250 2787 1350 2876 duas,
1364 2813 1452 2860 con·

493 2899 608 2972 tundis
629 2898 751 2993 paritet
765 2900 803 2971 &
825 2899 954 2988 cernis,
967 2900 1006 2973 δι
1028 2923 1070 2970 ex
1089 2911 1173 2994 aqua
1195 2896 1351 2969 mulsa&
1371 2898 1453 2970 oleo

495 3005 646 3078 diffunde
672 3029 732 3101 pet
755 3004 891 3096 fauces,
918 3007 1040 3105 absque
1070 3003 1282 3079 dubitatione
1308 3008 1450 3081 curabis.

496 3115 564 3189 Alii
583 3117 735 3189 auuores
749 3116 893 3190 asserunt
904 3172 915 3209 ,
927 3117 1119 3217 sanguinem
1136 3118 1177 3189 dc
1192 3116 1376 3190 brachiolis
1394 3144 1455 3190 au·
1566 3101 1577 3205 ᾖ

482 3228 692 3318 serendum,
709 3230 885 3304 &animal
906 3232 1139 3305 abstinendum
1161 3230 1204 3304 ab
1226 3230 1384 3320 hordeo,
1406 3232 1457 3303 al-

496 3339 603 3428 lium,
617 3340 762 3429 nitrum,
774 3342 1004 3432 marrubium,
1019 3342 1229 3441 [sataguinem
1244 3341 1285 3413 de
1299 3343 1460 3421 brachio,

498 3448 557 3537 lis]
577 3450 681 3544 aequis
699 3451 906 3548 ponderibus
925 3451 1040 3522 tritum
1063 3477 1139 3524 cum
1156 3451 1321 3524 absinthio
1341 3453 1457 3524 Ponti·

501 3581 547 3629 co
567 3560 605 3629 δι
624 3558 708 3632 vino
722 3559 854 3630 austero
868 3583 928 3653 per
943 3584 983 3632 os
999 3562 1157 3634 dandum.
1170 3565 1208 3635 δι
1221 3587 1298 3635 cum
1310 3561 1459 3654 biberit,

503 3664 717 3754 deambulet,
738 3670 776 3741 δι
792 3666 940 3766 spongiis
964 3669 1080 3743 calidis
1100 3668 1279 3762 foveatur,
1303 3675 1340 3745 δι
1356 3672 1460 3767 pressa

503 3797 606 3848 manu
618 3772 743 3848 diutius
756 3775 965 3873 perfricetur.
979 3778 1013 3849 Si
1035 3778 1163 3850 ventris
1177 3781 1391 3874 permanserit
1403 3800 1461 3850 tu·

504 3907 605 3975 mor,
621 3884 734 3980 pedus
749 3885 903 3960 cauteriis
923 3886 1124 3959 inurendum
1144 3889 1199 3958 est.
1213 3887 1289 3958 Poll
1309 3886 1459 3983 quinque

507 3993 728 4069 dies⁴ternos
756 3995 879 4093 digitos
904 3995 1057 4089 subjicis,
1086 3998 1147 4070 hac
1174 4016 1275 4094 atque
1301 3996 1378 4072 illac
1404 3996 1459 4066 in-

509 4101 674 4175 urendum
696 4102 742 4177 cll
763 4104 905 4192 iterum;
929 4103 1125 4202 obseivabis
1146 4123 1278 4195 autem,
1295 4127 1338 4176 ne
1356 4128 1461 4180 renas

509 4206 597 4281 forte
611 4213 798 4286 comburas.

560 4319 692 4397 XXIX.
714 4314 923 4421 Impleslicus
942 4342 1055 4399 autem
1078 4324 1155 4425 quia
1173 4323 1311 4399 similem
1329 4323 1463 4403 sustinet

892 4506 900 4550 l
