3875 5759
392 987 400 994 .
484 871 1345 998 80PALLAD11'RUT1Ll1

343 1107 348 1116 '
373 1174 377 1184 1
481 1088 506 1160 si
525 1087 681 1179 depositis
694 1085 833 1158 surculis
846 1084 977 1157 ¹viscum
992 1081 1068 1156 'non
1084 1101 1305 1179 temperatum
1324 1084 1358 1153 in
1373 1081 1443 1179 ipsa

483 1196 577 1292 plaga
592 1195 715 1288 pariter
730 1220 937 1291 mergamus,
950 1195 1042 1291 quast
1058 1197 1192 1291 glutino
1205 1196 1354 1291 quodam
1369 1194 1444 1265 suc·

483 1327 545 1375 cos
566 1303 712 1374 materiae
733 1304 900 1400 utriusque
920 1306 1117 1379 mixtorum.
1131 1307 1187 1380 De
1202 1289 1447 1401 emplastratio·

483 1436 528 1482 ne
543 1412 609 1483 suo
631 1413 743 1484 mense
763 1414 922 1486 dicemus.
945 1416 1113 1505 Quartum
1132 1439 1236 1511 genus
1256 1413 1446 1486 Columella

483 1521 670 1593 ficretulir.
687 1522 817 1593 Gallica
832 1523 961 1594 terebra
977 1524 1080 1618 usque
1095 1524 1135 1595 ad
1152 1522 1329 1594 medullam
1346 1522 1447 1593 arbo·

484 1655 555 1701 rem
578 1628 834 1723 perforandam,
856 1632 950 1727 plaga
971 1630 1112 1702 interius
1135 1631 1255 1702 leviter
1275 1631 1446 1714 inclinata.¹

449 1796 452 1814 .
485 1735 670 1807 ibieduuo
693 1737 788 1807 omni
807 1735 1146 1824 scobervitomflel
1168 1762 1293 1810 ramum
1314 1740 1446 1813 admo·
1509 1824 1513 1831 t

487 1845 567 1915 dum
593 1845 771 1915 foraminis
794 1844 938 1940 impressi
964 1844 1182 1934 delibratam,
1200 1845 1372 1918 succidurn
1392 1866 1448 1916 ta·

422 2009 426 2018 .
486 1977 565 2024 men
580 1954 615 2023 bt
632 1952 846 2038 humentem,
860 1953 966 2023 slrisle
984 1952 1151 2047 imprimi,
1164 1979 1232 2026 una
1247 1977 1303 2026 aut
1318 1953 1447 2025 ddabus

487 2064 627 2160 gemmis
648 2057 732 2133 foris
753 2048 887 2136 relislis.¹
911 2082 994 2135 tunc
1011 2063 1175 2159 argilla&
1195 2061 1311 2135 musco
1328 2063 1448 2161 locum

488 2174 667 2268 diligenter
687 2173 824 2267 operiri.
838 2171 894 2242 'ita
911 2174 949 2243 δι
968 2173 1053 2243 vites
1068 2173 1102 2242 in
1122 2171 1216 2243 ulmo
1236 2171 1334 2242 inseri
1357 2172 1449 2267 polle

488 2281 688 2355 commissas.
710 2280 879 2374 Hispanus
892 2281 1030 2376 quidam
1046 2279 1129 2351 mihi
1144 2282 1213 2351 lroc
1226 2305 1333 2376 genus
1346 2305 1452 2352 novae

488 2391 656 2464 insitionis
674 2392 841 2479 oslendit,
865 2393 1004 2486 [quod]
1029 2391 1220 2486 ex‘persrco
1240 2390 1272 2461 se
1293 2390 1451 2462 afferebat

492 2521 680 2597 expertum.
702 2500 819 2572 Salicis
837 2525 967 2570 ramum
988 2500 1112 2573 brachii
1130 2501 1357 2585 crassitudine,
1373 2501 1452 2572 soli·
1475 2548 1482 2554 -

492 2612 595 2698 dum,
610 2610 750 2705 longum
766 2606 888 2681 cubitis
902 2609 1034 2681 duobus
1048 2627 1105 2681 aut
1119 2609 1278 2705 amplius,
1293 2610 1453 2683 terebrari

491 2718 579 2816 jussit
594 2720 627 2791 in
650 2721 785 2808 medio,
800 2722 837 2791 &
858 2720 1006 2815 plantam
1021 2719 1139 2816 persici
1160 2721 1197 2794 in
1215 2722 1334 2794 eodem
1348 2722 1452 2809 locu,

492 2832 529 2905 in
545 2858 616 2929 quo
630 2830 799 2918 consrslit,
814 2830 991 2925 spoliatam
1004 2832 1103 2903 ramis
1117 2833 1294 2919 omnibus,
1308 2831 1382 2902 solo
1398 2858 1453 2903 ca·

494 2946 565 3039 pite
579 2931 698 3014 relislo
720 2962 779 3035 per
793 2942 899 3033 ipsum
921 2941 1037 3041 saligni
1050 2942 1217 3013 manubrii
1232 2941 1384 3013 foramen
1399 2942 1454 3011 in·

494 3050 597 3122 duci:
611 3068 693 3120 tunc
708 3049 849 3119 eundem
865 3047 973 3124 blicis
988 3073 1116 3130 ramum
1129 3066 1225 3120 terrae
1239 3052 1347 3144 capite
1361 3071 1454 3121 utro·

494 3184 562 3255 que
577 3157 750 3247 demerso,
765 3160 799 3230 in
814 3185 909 3233 arcus
922 3160 1171 3231 smilitudinem
1186 3159 1305 3227 debere
1328 3184 1455 3231 curva·

488 3261 546 3357 ri,
571 3268 724 3340 foramen
750 3259 846 3358 luto,
869 3270 1007 3358 musco,
1029 3266 1185 3341 vinculis.
1201 3267 1339 3362 stringi:
1362 3293 1455 3340 anno

495 3379 619 3452 deinde
643 3399 799 3466 eremto,
823 3368 892 3453 ubi
907 3377 994 3450 insra
1021 3377 1200 3452 medullam
1225 3376 1332 3451 salicis
1355 3399 1456 3474 caput

496 3489 620 3585 plantae
637 3488 681 3560 src
693 3490 889 3573 cohaeserit,
905 3508 941 3560 ot
954 3488 1066 3562 unitas
1079 3466 1118 3581 sit
1139 3512 1182 3559 ex
1203 3488 1334 3559 duobus
1351 3492 1457 3562 mixta

433 3640 438 3650 ·
496 3597 723 3691 corporibus,
739 3600 883 3693 plantam
905 3596 1016 3669 subter
1029 3596 1133 3667 incidi
1153 3604 1252 3691 arque
1266 3598 1457 3685 transferri,

497 3710 536 3780 &
550 3709 695 3804 aggerari
706 3727 858 3791 terram,
880 3734 955 3804 quae
977 3731 1091 3778 arcum
1114 3705 1221 3777 salicis
1243 3732 1319 3779 cum
1343 3708 1458 3801 perfici

499 3819 674 3889 cacumine
698 3819 803 3914 ,possit
831 3813 964 3911 operire
985 3844 994 3887 :
1015 3815 1096 3887 hinc
1122 3815 1238 3907 persici
1264 3842 1364 3910 poma
1389 3818 1458 3888 sine

499 3927 626 3999 ossibus
645 3928 734 3998 nasci
750 3952 759 3995 ε
775 3926 828 3996 sed
843 3927 911 3997 hoc
930 3924 1015 3996 locis
1036 3923 1181 3995 humidis
1196 3925 1383 3996 convenire
1403 3925 1460 3995 vel

499 4038 628 4133 riguis,
653 4031 694 4109 &⁴
712 4037 826 4108 salices
850 4034 1090 4131 aquationibus
1117 4034 1341 4129 adjuvandas,
1365 4038 1460 4108 ut&

481 4165 617 4229 ,natura
644 4145 730 4245 ligni
758 4146 893 4241 vigeat,
917 4168 994 4240 quae
1022 4144 1201 4216 deletrarur
1226 4147 1394 4227 humore,
1422 4147 1461 4218 δέ

502 4257 764 4353 superfluentem
788 4257 924 4356 copiam
953 4256 1043 4335 succi
1070 4256 1275 4358 germinibus
1298 4248 1460 4353 minillr'et

504 4365 632 4440 alienis.
719 4439 722 4446 ,
825 4361 830 4376 ”
