<?xml version="1.0" encoding="UTF-8"?>
<!DOCTYPE html PUBLIC "-//W3C//DTD XHTML 1.0 Transitional//EN"
    "http://www.w3.org/TR/xhtml1/DTD/xhtml1-transitional.dtd">
<html xmlns="http://www.w3.org/1999/xhtml" xml:lang="en" lang="en">
 <head>
  <title>
</title>
<meta http-equiv="Content-Type" content="text/html;charset=utf-8" />
  <meta name='ocr-system' content='tesseract 3.04.00' />
  <meta name='ocr-capabilities' content='ocr_page ocr_carea ocr_par ocr_line ocrx_word'/>
</head>
<body>
  <div class='ocr_page' id='page_1' title='image "./scriptoresreiru00gesngoog_0200.png"; bbox 0 0 3875 5759; ppageno 0'>
   <div class='ocr_carea' id='block_1_1' title="bbox 538 917 1400 1033">
    <p class='ocr_par' dir='ltr' id='par_1_1' title="bbox 538 917 1400 1033">
     <span class='ocr_line' id='line_1_1' title="bbox 538 917 1400 1033; baseline 0 -22"><span class='ocrx_word' id='word_1_1' title='bbox 538 931 610 1033; x_wconf 68' lang='lat'>&#39;198</span> <span class='ocrx_word' id='word_1_2' title='bbox 659 917 1400 1012; x_wconf 74' lang='lat' dir='ltr'>earururradrrr&#39;rr</span> 
     </span>
    </p>
   </div>
   <div class='ocr_carea' id='block_1_2' title="bbox 359 1094 1606 4337">
    <p class='ocr_par' dir='ltr' id='par_1_2' title="bbox 539 1094 1516 1299">
     <span class='ocr_line' id='line_1_2' title="bbox 539 1094 1516 1194; baseline -0.003 -23"><span class='ocrx_word' id='word_1_3' title='bbox 539 1095 634 1171; x_wconf 80' lang='lat' dir='ltr'>ficcis</span> <span class='ocrx_word' id='word_1_4' title='bbox 656 1094 848 1194; x_wconf 82' lang='lat' dir='ltr'>regionibus</span> <span class='ocrx_word' id='word_1_5' title='bbox 868 1095 1041 1193; x_wconf 87' lang='lat' dir='ltr'>agrestium</span> <span class='ocrx_word' id='word_1_6' title='bbox 1062 1096 1212 1190; x_wconf 88' lang='lat' dir='ltr'>pirorum</span> <span class='ocrx_word' id='word_1_7' title='bbox 1237 1096 1365 1192; x_wconf 79' lang='lat' dir='ltr'>plantas</span> <span class='ocrx_word' id='word_1_8' title='bbox 1389 1095 1491 1191; x_wconf 71' lang='lat' dir='ltr'>porri·</span> <span class='ocrx_word' id='word_1_9' title='bbox 1513 1099 1516 1105; x_wconf 74' lang='grc'><strong>’</strong></span> 
     </span>
     <span class='ocr_line' id='line_1_3' title="bbox 539 1203 1488 1299; baseline -0.002 -22"><span class='ocrx_word' id='word_1_10' title='bbox 539 1225 633 1292; x_wconf 86' lang='lat' dir='ltr'>mus,</span> <span class='ocrx_word' id='word_1_11' title='bbox 644 1203 853 1299; x_wconf 71' lang='lat' dir='ltr'>quaspustea</span> <span class='ocrx_word' id='word_1_12' title='bbox 873 1203 1035 1298; x_wconf 83' lang='lat' dir='ltr'>poffimus·</span> <span class='ocrx_word' id='word_1_13' title='bbox 1053 1203 1218 1290; x_wconf 86' lang='lat' dir='ltr'>inserere,</span> <span class='ocrx_word' id='word_1_14' title='bbox 1234 1206 1272 1278; x_wconf 76' lang='grc' dir='ltr'>δι</span> <span class='ocrx_word' id='word_1_15' title='bbox 1295 1204 1488 1291; x_wconf 80' lang='lat' dir='ltr'>malorum,</span> 
     </span>
    </p>

    <p class='ocr_par' dir='ltr' id='par_1_3' title="bbox 444 1308 1521 1515">
     <span class='ocr_line' id='line_1_4' title="bbox 444 1308 1491 1409; baseline -0.001 -26"><span class='ocrx_word' id='word_1_16' title='bbox 444 1332 446 1338; x_wconf 77' lang='grc'>’</span> <span class='ocrx_word' id='word_1_17' title='bbox 540 1312 600 1383; x_wconf 85' lang='lat' dir='ltr'>vel</span> <span class='ocrx_word' id='word_1_18' title='bbox 622 1308 700 1382; x_wconf 89' lang='lat' dir='ltr'>mali</span> <span class='ocrx_word' id='word_1_19' title='bbox 722 1310 859 1398; x_wconf 88' lang='lat' dir='ltr'>Punici,</span> <span class='ocrx_word' id='word_1_20' title='bbox 872 1312 911 1383; x_wconf 78' lang='grc' dir='ltr'>δι</span> <span class='ocrx_word' id='word_1_21' title='bbox 928 1308 1090 1408; x_wconf 78' lang='lat' dir='ltr'>sydonii,</span> <span class='ocrx_word' id='word_1_22' title='bbox 1110 1313 1148 1384; x_wconf 90' lang='lat'>&amp;</span> <span class='ocrx_word' id='word_1_23' title='bbox 1168 1312 1266 1400; x_wconf 81' lang='lat' dir='ltr'>cirri,</span> <span class='ocrx_word' id='word_1_24' title='bbox 1279 1315 1316 1385; x_wconf 89' lang='lat'><strong>&amp;</strong></span> <span class='ocrx_word' id='word_1_25' title='bbox 1338 1311 1491 1409; x_wconf 83' lang='lat' dir='ltr'>mespili,</span> 
     </span>
     <span class='ocr_line' id='line_1_5' title="bbox 539 1415 1521 1515; baseline -0.006 -22"><span class='ocrx_word' id='word_1_26' title='bbox 539 1417 621 1505; x_wconf 83' lang='lat' dir='ltr'>fic&#39;i,</span> <span class='ocrx_word' id='word_1_27' title='bbox 640 1415 960 1514; x_wconf 84' lang='lat' dir='ltr'>sorbi,s1liquae,&amp;</span> <span class='ocrx_word' id='word_1_28' title='bbox 981 1418 1110 1515; x_wconf 81' lang='lat' dir='ltr'>plantas</span> <span class='ocrx_word' id='word_1_29' title='bbox 1123 1418 1257 1515; x_wconf 83' lang='lat' dir='ltr'>agreslis</span> <span class='ocrx_word' id='word_1_30' title='bbox 1279 1418 1402 1506; x_wconf 76' lang='lat' dir='ltr'>terail,</span> <span class='ocrx_word' id='word_1_31' title='bbox 1417 1418 1491 1514; x_wconf 89' lang='lat' dir='ltr'>post</span> <span class='ocrx_word' id='word_1_32' title='bbox 1517 1489 1521 1500; x_wconf 72' lang='grc'><em>,</em></span> 
     </span>
    </p>

    <p class='ocr_par' dir='ltr' id='par_1_4' title="bbox 466 1517 1495 1843">
     <span class='ocr_line' id='line_1_6' title="bbox 466 1517 1493 1625; baseline 0 -24"><span class='ocrx_word' id='word_1_33' title='bbox 466 1604 473 1614; x_wconf 18' lang='lat' dir='ltr'>x</span> <span class='ocrx_word' id='word_1_34' title='bbox 540 1523 730 1601; x_wconf 82' lang='lat' dir='ltr'>inserendas</span> <span class='ocrx_word' id='word_1_35' title='bbox 742 1582 752 1611; x_wconf 94' lang='lat'>,</span> <span class='ocrx_word' id='word_1_36' title='bbox 766 1530 803 1599; x_wconf 78' lang='grc' dir='ltr'>δι</span> <span class='ocrx_word' id='word_1_37' title='bbox 817 1527 905 1597; x_wconf 91' lang='lat' dir='ltr'>mori</span> <span class='ocrx_word' id='word_1_38' title='bbox 923 1527 1043 1614; x_wconf 81' lang='lat' dir='ltr'>taleas,</span> <span class='ocrx_word' id='word_1_39' title='bbox 1058 1529 1095 1601; x_wconf 78' lang='grc' dir='ltr'>δι</span> <span class='ocrx_word' id='word_1_40' title='bbox 1113 1528 1280 1625; x_wconf 78' lang='lat' dir='ltr'>amygdali</span> <span class='ocrx_word' id='word_1_41' title='bbox 1296 1517 1418 1601; x_wconf 84' lang='lat' dir='ltr'>semina</span> <span class='ocrx_word' id='word_1_42' title='bbox 1427 1582 1439 1617; x_wconf 89' lang='lat'>‚</span> <span class='ocrx_word' id='word_1_43' title='bbox 1455 1530 1493 1601; x_wconf 79' lang='grc' dir='ltr'>δι</span> 
     </span>
     <span class='ocr_line' id='line_1_7' title="bbox 541 1627 1495 1737; baseline 0.003 -31"><span class='ocrx_word' id='word_1_44' title='bbox 541 1658 646 1708; x_wconf 87' lang='lat' dir='ltr'>nuces</span> <span class='ocrx_word' id='word_1_45' title='bbox 676 1634 873 1734; x_wconf 83' lang='lat' dir='ltr'>juglandes,</span> <span class='ocrx_word' id='word_1_46' title='bbox 892 1634 967 1709; x_wconf 86' lang='lat' dir='ltr'>liin</span> <span class='ocrx_word' id='word_1_47' title='bbox 992 1627 1193 1725; x_wconf 78' lang='lat' dir='ltr'>semiramiis,</span> <span class='ocrx_word' id='word_1_48' title='bbox 1208 1659 1279 1737; x_wconf 82' lang='lat' dir='ltr'>quo</span> <span class='ocrx_word' id='word_1_49' title='bbox 1303 1636 1425 1709; x_wconf 67' lang='lat' dir='ltr'>didum</span> <span class='ocrx_word' id='word_1_50' title='bbox 1447 1636 1495 1709; x_wconf 85' lang='lat' dir='ltr'>est</span> 
     </span>
     <span class='ocr_line' id='line_1_8' title="bbox 534 1760 877 1843; baseline -0.003 -27"><span class='ocrx_word' id='word_1_51' title='bbox 534 1767 661 1831; x_wconf 83' lang='lat' dir='ltr'>more,</span> <span class='ocrx_word' id='word_1_52' title='bbox 676 1760 877 1843; x_wconf 79' lang='lat' dir='ltr'>pargantur.</span> 
     </span>
    </p>

    <p class='ocr_par' dir='ltr' id='par_1_5' title="bbox 434 1851 1496 2168">
     <span class='ocr_line' id='line_1_9' title="bbox 434 1851 1495 1950; baseline 0.002 -25"><span class='ocrx_word' id='word_1_53' title='bbox 434 1864 438 1873; x_wconf 90' lang='grc'><strong>’</strong></span> <span class='ocrx_word' id='word_1_54' title='bbox 560 1871 562 1875; x_wconf 85' lang='grc'><strong><em>·</em></strong></span> <span class='ocrx_word' id='word_1_55' title='bbox 593 1856 682 1927; x_wconf 86' lang='lat' dir='ltr'>VllL</span> <span class='ocrx_word' id='word_1_56' title='bbox 702 1854 810 1949; x_wconf 83' lang='lat' dir='ltr'>Hujus</span> <span class='ocrx_word' id='word_1_57' title='bbox 822 1853 938 1927; x_wconf 77' lang='lat' dir='ltr'>mensis</span> <span class='ocrx_word' id='word_1_58' title='bbox 950 1851 1049 1929; x_wconf 87' lang='lat' dir='ltr'>initio</span> <span class='ocrx_word' id='word_1_59' title='bbox 1070 1878 1147 1950; x_wconf 88' lang='lat' dir='ltr'>apes</span> <span class='ocrx_word' id='word_1_60' title='bbox 1163 1879 1205 1926; x_wconf 84' lang='lat' dir='ltr'>ex</span> <span class='ocrx_word' id='word_1_61' title='bbox 1218 1852 1383 1927; x_wconf 82' lang='lat' dir='ltr'>tamarisci</span> <span class='ocrx_word' id='word_1_62' title='bbox 1397 1852 1495 1927; x_wconf 86' lang='lat' dir='ltr'>llori·</span> 
     </span>
     <span class='ocr_line' id='line_1_10' title="bbox 543 1960 1496 2063; baseline -0.006 -25"><span class='ocrx_word' id='word_1_63' title='bbox 543 1963 629 2052; x_wconf 88' lang='lat' dir='ltr'>bus,</span> <span class='ocrx_word' id='word_1_64' title='bbox 642 1963 842 2063; x_wconf 86' lang='lat' dir='ltr'>reliquisque</span> <span class='ocrx_word' id='word_1_65' title='bbox 864 1962 1065 2038; x_wconf 84' lang='lat' dir='ltr'>lilvellribus</span> <span class='ocrx_word' id='word_1_66' title='bbox 1084 1964 1183 2036; x_wconf 87' lang='lat' dir='ltr'>mella</span> <span class='ocrx_word' id='word_1_67' title='bbox 1201 1960 1496 2058; x_wconf 76' lang='lat' dir='ltr'>conficiunrr&#39;quae</span> 
     </span>
     <span class='ocr_line' id='line_1_11' title="bbox 544 2071 1495 2168; baseline -0.004 -23"><span class='ocrx_word' id='word_1_68' title='bbox 544 2071 722 2146; x_wconf 84' lang='lat' dir='ltr'>auferenda</span> <span class='ocrx_word' id='word_1_69' title='bbox 734 2097 805 2143; x_wconf 90' lang='lat' dir='ltr'>nou</span> <span class='ocrx_word' id='word_1_70' title='bbox 818 2072 911 2161; x_wconf 90' lang='lat' dir='ltr'>sunt,</span> <span class='ocrx_word' id='word_1_71' title='bbox 927 2073 1004 2168; x_wconf 89' lang='lat' dir='ltr'>quia</span> <span class='ocrx_word' id='word_1_72' title='bbox 1017 2071 1190 2145; x_wconf 80' lang='lat' dir='ltr'>servamur</span> <span class='ocrx_word' id='word_1_73' title='bbox 1201 2072 1356 2146; x_wconf 84' lang='lat' dir='ltr'>hiberno.</span> <span class='ocrx_word' id='word_1_74' title='bbox 1366 2072 1495 2141; x_wconf 85' lang='lat' dir='ltr'>Eodem</span> 
     </span>
    </p>

    <p class='ocr_par' dir='ltr' id='par_1_6' title="bbox 390 2172 1498 2280">
     <span class='ocr_line' id='line_1_12' title="bbox 390 2172 1498 2280; baseline -0.005 -26"><span class='ocrx_word' id='word_1_75' title='bbox 390 2216 399 2234; x_wconf 88' lang='lat'><strong>·</strong></span> <span class='ocrx_word' id='word_1_76' title='bbox 545 2180 658 2254; x_wconf 84' lang='lat' dir='ltr'>meuse</span> <span class='ocrx_word' id='word_1_77' title='bbox 676 2180 827 2253; x_wconf 89' lang='lat' dir='ltr'>sordibus</span> <span class='ocrx_word' id='word_1_78' title='bbox 846 2181 1009 2253; x_wconf 86' lang='lat' dir='ltr'>liberandi</span> <span class='ocrx_word' id='word_1_79' title='bbox 1029 2182 1103 2254; x_wconf 87' lang='lat' dir='ltr'>sunt</span> <span class='ocrx_word' id='word_1_80' title='bbox 1115 2172 1229 2272; x_wconf 77' lang='lat' dir='ltr'>alvei,</span> <span class='ocrx_word' id='word_1_81' title='bbox 1246 2180 1323 2280; x_wconf 89' lang='lat' dir='ltr'>quia</span> <span class='ocrx_word' id='word_1_82' title='bbox 1337 2198 1410 2254; x_wconf 85' lang='lat' dir='ltr'>tora</span> <span class='ocrx_word' id='word_1_83' title='bbox 1423 2178 1498 2250; x_wconf 86' lang='lat' dir='ltr'>hie·</span> 
     </span>
    </p>

    <p class='ocr_par' dir='ltr' id='par_1_7' title="bbox 359 2285 1585 2823">
     <span class='ocr_line' id='line_1_13' title="bbox 359 2285 1585 2384; baseline -0.002 -23"><span class='ocrx_word' id='word_1_84' title='bbox 359 2306 364 2312; x_wconf 90' lang='grc'><strong>“</strong></span> <span class='ocrx_word' id='word_1_85' title='bbox 488 2337 490 2342; x_wconf 92' lang='grc'>-</span> <span class='ocrx_word' id='word_1_86' title='bbox 545 2312 601 2361; x_wconf 90' lang='lat' dir='ltr'>me</span> <span class='ocrx_word' id='word_1_87' title='bbox 619 2306 678 2361; x_wconf 84' lang='lat' dir='ltr'>eos</span> <span class='ocrx_word' id='word_1_88' title='bbox 699 2313 840 2360; x_wconf 82' lang='lat' dir='ltr'>movere</span> <span class='ocrx_word' id='word_1_89' title='bbox 860 2308 919 2360; x_wconf 90' lang='lat' dir='ltr'>aut</span> <span class='ocrx_word' id='word_1_90' title='bbox 937 2289 1066 2384; x_wconf 88' lang='lat' dir='ltr'>aperire</span> <span class='ocrx_word' id='word_1_91' title='bbox 1079 2314 1149 2362; x_wconf 88' lang='lat' dir='ltr'>non</span> <span class='ocrx_word' id='word_1_92' title='bbox 1164 2293 1269 2362; x_wconf 88' lang='lat' dir='ltr'>decer.</span> <span class='ocrx_word' id='word_1_93' title='bbox 1279 2290 1344 2361; x_wconf 86' lang='lat' dir='ltr'>Sed</span> <span class='ocrx_word' id='word_1_94' title='bbox 1356 2290 1428 2361; x_wconf 85' lang='lat' dir='ltr'>haec</span> <span class='ocrx_word' id='word_1_95' title='bbox 1444 2286 1501 2359; x_wconf 80' lang='lat' dir='ltr'>die</span> <span class='ocrx_word' id='word_1_96' title='bbox 1581 2285 1585 2291; x_wconf 72' lang='grc'>’</span> 
     </span>
     <span class='ocr_line' id='line_1_14' title="bbox 547 2395 1501 2494; baseline -0.004 -25"><span class='ocrx_word' id='word_1_97' title='bbox 547 2395 665 2493; x_wconf 83' lang='lat' dir='ltr'>aprico</span> <span class='ocrx_word' id='word_1_98' title='bbox 682 2396 863 2494; x_wconf 88' lang='lat' dir='ltr'>tepidoque</span> <span class='ocrx_word' id='word_1_99' title='bbox 878 2396 1031 2470; x_wconf 88' lang='lat' dir='ltr'>facienda</span> <span class='ocrx_word' id='word_1_100' title='bbox 1051 2396 1142 2483; x_wconf 88' lang='lat' dir='ltr'>sunt,</span> <span class='ocrx_word' id='word_1_101' title='bbox 1156 2400 1193 2470; x_wconf 89' lang='lat'><strong>&amp;</strong></span> <span class='ocrx_word' id='word_1_102' title='bbox 1215 2396 1334 2493; x_wconf 86' lang='lat' dir='ltr'>permis</span> <span class='ocrx_word' id='word_1_103' title='bbox 1354 2396 1501 2467; x_wconf 83' lang='lat' dir='ltr'>maxime</span> 
     </span>
     <span class='ocr_line' id='line_1_15' title="bbox 548 2504 1500 2606; baseline -0.007 -24"><span class='ocrx_word' id='word_1_104' title='bbox 548 2508 665 2583; x_wconf 86' lang='lat' dir='ltr'>avium</span> <span class='ocrx_word' id='word_1_105' title='bbox 685 2506 874 2600; x_wconf 86' lang='lat' dir='ltr'>majorum,</span> <span class='ocrx_word' id='word_1_106' title='bbox 893 2531 968 2603; x_wconf 87' lang='lat' dir='ltr'>quae</span> <span class='ocrx_word' id='word_1_107' title='bbox 983 2506 1107 2595; x_wconf 77' lang='lat' dir='ltr'>babent</span> <span class='ocrx_word' id='word_1_108' title='bbox 1128 2506 1294 2606; x_wconf 69' lang='lat' dir='ltr'>rigorem,</span> <span class='ocrx_word' id='word_1_109' title='bbox 1308 2505 1364 2578; x_wconf 83' lang='lat' dir='ltr'>vel</span> <span class='ocrx_word' id='word_1_110' title='bbox 1383 2504 1500 2601; x_wconf 89' lang='lat' dir='ltr'>aliquo</span> 
     </span>
     <span class='ocr_line' id='line_1_16' title="bbox 547 2612 1501 2713; baseline -0.006 -23"><span class='ocrx_word' id='word_1_111' title='bbox 547 2618 647 2691; x_wconf 77' lang='lat' dir='ltr'>uuili</span> <span class='ocrx_word' id='word_1_112' title='bbox 660 2616 776 2695; x_wconf 86' lang='lat' dir='ltr'>omnia</span> <span class='ocrx_word' id='word_1_113' title='bbox 790 2612 951 2688; x_wconf 81' lang='lat' dir='ltr'>interiora</span> <span class='ocrx_word' id='word_1_114' title='bbox 973 2615 1195 2705; x_wconf 87' lang='lat' dir='ltr'>mundentur,</span> <span class='ocrx_word' id='word_1_115' title='bbox 1208 2639 1278 2713; x_wconf 91' lang='lat' dir='ltr'>quo</span> <span class='ocrx_word' id='word_1_116' title='bbox 1292 2639 1409 2687; x_wconf 86' lang='lat' dir='ltr'>manus</span> <span class='ocrx_word' id='word_1_117' title='bbox 1429 2638 1501 2687; x_wconf 87' lang='lat' dir='ltr'>non</span> 
     </span>
     <span class='ocr_line' id='line_1_17' title="bbox 549 2722 1502 2823; baseline -0.007 -22"><span class='ocrx_word' id='word_1_118' title='bbox 549 2724 677 2801; x_wconf 86' lang='lat' dir='ltr'>valebit</span> <span class='ocrx_word' id='word_1_119' title='bbox 697 2725 870 2823; x_wconf 81' lang='lat' dir='ltr'>attingere.</span> <span class='ocrx_word' id='word_1_120' title='bbox 889 2725 979 2796; x_wconf 88' lang='lat' dir='ltr'>Tum</span> <span class='ocrx_word' id='word_1_121' title='bbox 993 2724 1093 2796; x_wconf 79' lang='lat' dir='ltr'>rimas</span> <span class='ocrx_word' id='word_1_122' title='bbox 1109 2749 1248 2813; x_wconf 84' lang='lat' dir='ltr'>omnes,</span> <span class='ocrx_word' id='word_1_123' title='bbox 1261 2748 1338 2821; x_wconf 84' lang='lat' dir='ltr'>quae</span> <span class='ocrx_word' id='word_1_124' title='bbox 1351 2722 1425 2796; x_wconf 87' lang='lat' dir='ltr'>sunt</span> <span class='ocrx_word' id='word_1_125' title='bbox 1438 2748 1502 2796; x_wconf 86' lang='lat' dir='ltr'>ex·</span> 
     </span>
    </p>

    <p class='ocr_par' dir='ltr' id='par_1_8' title="bbox 474 2834 1503 2940">
     <span class='ocr_line' id='line_1_18' title="bbox 474 2834 1503 2940; baseline 0.003 -32"><span class='ocrx_word' id='word_1_126' title='bbox 474 2883 501 2940; x_wconf 20' lang='lat' dir='ltr'>a(</span> <span class='ocrx_word' id='word_1_127' title='bbox 549 2839 732 2929; x_wconf 74' lang='lat' dir='ltr'>trinsecus,</span> <span class='ocrx_word' id='word_1_128' title='bbox 746 2839 820 2910; x_wconf 85' lang='lat' dir='ltr'>luto</span> <span class='ocrx_word' id='word_1_129' title='bbox 836 2840 873 2910; x_wconf 75' lang='grc' dir='ltr'>δι</span> <span class='ocrx_word' id='word_1_130' title='bbox 893 2834 976 2909; x_wconf 84' lang='lat' dir='ltr'>fimo</span> <span class='ocrx_word' id='word_1_131' title='bbox 995 2836 1126 2910; x_wconf 89' lang='lat' dir='ltr'>bubulo</span> <span class='ocrx_word' id='word_1_132' title='bbox 1145 2836 1259 2909; x_wconf 78' lang='lat' dir='ltr'>mixtis</span> <span class='ocrx_word' id='word_1_133' title='bbox 1281 2835 1444 2910; x_wconf 87' lang='lat' dir='ltr'>linamus:</span> <span class='ocrx_word' id='word_1_134' title='bbox 1464 2836 1503 2911; x_wconf 74' lang='grc' dir='ltr'>δε</span> 
     </span>
    </p>

    <p class='ocr_par' dir='ltr' id='par_1_9' title="bbox 475 2937 1502 3043">
     <span class='ocr_line' id='line_1_19' title="bbox 475 2937 1502 3043; baseline -0.005 -24"><span class='ocrx_word' id='word_1_135' title='bbox 475 2937 499 2950; x_wconf 53' lang='grc'>’”</span> <span class='ocrx_word' id='word_1_136' title='bbox 549 2945 685 3043; x_wconf 86' lang='lat' dir='ltr'>insuper</span> <span class='ocrx_word' id='word_1_137' title='bbox 700 2944 844 3041; x_wconf 81' lang='lat' dir='ltr'>genestis</span> <span class='ocrx_word' id='word_1_138' title='bbox 863 2942 919 3015; x_wconf 86' lang='lat' dir='ltr'>vel</span> <span class='ocrx_word' id='word_1_139' title='bbox 942 2944 1015 3016; x_wconf 86' lang='lat' dir='ltr'>aliis</span> <span class='ocrx_word' id='word_1_140' title='bbox 1037 2946 1238 3040; x_wconf 86' lang='lat' dir='ltr'>tegumentis</span> <span class='ocrx_word' id='word_1_141' title='bbox 1255 2943 1502 3016; x_wconf 82' lang='lat' dir='ltr'>fimilitudinem</span> 
     </span>
    </p>

    <p class='ocr_par' dir='ltr' id='par_1_10' title="bbox 392 3045 1606 3230">
     <span class='ocr_line' id='line_1_20' title="bbox 392 3045 1606 3151; baseline 0.001 -29"><span class='ocrx_word' id='word_1_142' title='bbox 392 3045 395 3050; x_wconf 72' lang='grc'><strong>’</strong></span> <span class='ocrx_word' id='word_1_143' title='bbox 454 3087 456 3090; x_wconf 93' lang='grc'><strong><em>·</em></strong></span> <span class='ocrx_word' id='word_1_144' title='bbox 549 3053 701 3149; x_wconf 86' lang='lat' dir='ltr'>porticus</span> <span class='ocrx_word' id='word_1_145' title='bbox 721 3052 917 3140; x_wconf 83' lang='lat' dir='ltr'>imitemur,</span> <span class='ocrx_word' id='word_1_146' title='bbox 934 3067 972 3121; x_wconf 89' lang='lat' dir='ltr'>ut</span> <span class='ocrx_word' id='word_1_147' title='bbox 989 3049 1112 3144; x_wconf 84' lang='lat' dir='ltr'>pollinr</span> <span class='ocrx_word' id='word_1_148' title='bbox 1134 3051 1298 3151; x_wconf 81' lang='lat' dir='ltr'>afrigore</span> <span class='ocrx_word' id='word_1_149' title='bbox 1314 3053 1352 3123; x_wconf 74' lang='grc' dir='ltr'>δι</span> <span class='ocrx_word' id='word_1_150' title='bbox 1372 3070 1503 3146; x_wconf 85' lang='lat' dir='ltr'>tempe·</span> <span class='ocrx_word' id='word_1_151' title='bbox 1602 3139 1606 3151; x_wconf 88' lang='lat'><strong><em>.</em></strong></span> 
     </span>
     <span class='ocr_line' id='line_1_21' title="bbox 549 3154 796 3230; baseline 0 0"><span class='ocrx_word' id='word_1_152' title='bbox 549 3157 632 3230; x_wconf 79' lang='lat' dir='ltr'>state</span> <span class='ocrx_word' id='word_1_153' title='bbox 652 3154 796 3230; x_wconf 85' lang='lat' dir='ltr'>defendi.</span> 
     </span>
    </p>

    <p class='ocr_par' dir='ltr' id='par_1_11' title="bbox 551 3255 1602 3905">
     <span class='ocr_line' id='line_1_22' title="bbox 600 3255 1503 3355; baseline 0.001 -19"><span class='ocrx_word' id='word_1_154' title='bbox 600 3262 660 3336; x_wconf 77' lang='lat' dir='ltr'>lx.</span> <span class='ocrx_word' id='word_1_155' title='bbox 680 3261 782 3334; x_wconf 88' lang='lat' dir='ltr'>Locis</span> <span class='ocrx_word' id='word_1_156' title='bbox 801 3258 966 3334; x_wconf 89' lang='lat' dir='ltr'>calidis&amp;</span> <span class='ocrx_word' id='word_1_157' title='bbox 980 3255 1101 3355; x_wconf 85' lang='lat' dir='ltr'>apricis</span> <span class='ocrx_word' id='word_1_158' title='bbox 1120 3258 1431 3355; x_wconf 66' lang='lat' dir='ltr'>usurpandum</span> <span class='ocrx_word' id='word_1_159' title='bbox 1446 3290 1503 3337; x_wconf 89' lang='lat' dir='ltr'>ca·</span> 
     </span>
     <span class='ocr_line' id='line_1_23' title="bbox 551 3369 1502 3465; baseline -0.004 -17"><span class='ocrx_word' id='word_1_160' title='bbox 551 3392 648 3463; x_wconf 89' lang='lat' dir='ltr'>rent,</span> <span class='ocrx_word' id='word_1_161' title='bbox 662 3372 782 3446; x_wconf 87' lang='lat' dir='ltr'>fronde</span> <span class='ocrx_word' id='word_1_162' title='bbox 793 3369 982 3459; x_wconf 81' lang='lat' dir='ltr'>luxuriant,</span> <span class='ocrx_word' id='word_1_163' title='bbox 993 3369 1031 3444; x_wconf 75' lang='lat' dir='ltr'>bt</span> <span class='ocrx_word' id='word_1_164' title='bbox 1044 3370 1235 3465; x_wconf 85' lang='lat' dir='ltr'>pauperiem</span> <span class='ocrx_word' id='word_1_165' title='bbox 1250 3370 1392 3444; x_wconf 86' lang='lat' dir='ltr'>foeruum</span> <span class='ocrx_word' id='word_1_166' title='bbox 1408 3398 1502 3447; x_wconf 72' lang='lat' dir='ltr'>com-</span> 
     </span>
     <span class='ocr_line' id='line_1_24' title="bbox 551 3479 1503 3583; baseline -0.001 -26"><span class='ocrx_word' id='word_1_167' title='bbox 551 3484 692 3583; x_wconf 87' lang='lat' dir='ltr'>pensant</span> <span class='ocrx_word' id='word_1_168' title='bbox 719 3484 868 3555; x_wconf 85' lang='lat' dir='ltr'>ubertate</span> <span class='ocrx_word' id='word_1_169' title='bbox 900 3479 1075 3554; x_wconf 88' lang='lat' dir='ltr'>foliorum.</span> <span class='ocrx_word' id='word_1_170' title='bbox 1104 3499 1204 3553; x_wconf 78' lang='lat' dir='ltr'>nune</span> <span class='ocrx_word' id='word_1_171' title='bbox 1220 3499 1337 3577; x_wconf 86' lang='lat' dir='ltr'>putare</span> <span class='ocrx_word' id='word_1_172' title='bbox 1365 3482 1503 3577; x_wconf 85' lang='lat' dir='ltr'>preffius</span> 
     </span>
     <span class='ocr_line' id='line_1_25' title="bbox 552 3585 1504 3688; baseline -0.001 -23"><span class='ocrx_word' id='word_1_173' title='bbox 552 3585 763 3665; x_wconf 83' lang='lat' dir='ltr'>conveniet:</span> <span class='ocrx_word' id='word_1_174' title='bbox 782 3588 910 3687; x_wconf 83' lang='lat' dir='ltr'>frigidis</span> <span class='ocrx_word' id='word_1_175' title='bbox 931 3612 1018 3660; x_wconf 87' lang='lat' dir='ltr'>vero</span> <span class='ocrx_word' id='word_1_176' title='bbox 1041 3588 1151 3662; x_wconf 82' lang='lat' dir='ltr'>mense</span> <span class='ocrx_word' id='word_1_177' title='bbox 1172 3588 1365 3664; x_wconf 83' lang='lat' dir='ltr'>Februario.</span> <span class='ocrx_word' id='word_1_178' title='bbox 1380 3591 1411 3663; x_wconf 86' lang='lat' dir='ltr'>Si</span> <span class='ocrx_word' id='word_1_179' title='bbox 1427 3617 1504 3688; x_wconf 87' lang='lat' dir='ltr'>per·</span> 
     </span>
     <span class='ocr_line' id='line_1_26' title="bbox 552 3680 1602 3798; baseline -0.001 -26"><span class='ocrx_word' id='word_1_180' title='bbox 552 3695 699 3772; x_wconf 88' lang='lat' dir='ltr'>manebit</span> <span class='ocrx_word' id='word_1_181' title='bbox 723 3696 797 3769; x_wconf 86' lang='lat' dir='ltr'>boc·</span> <span class='ocrx_word' id='word_1_182' title='bbox 813 3696 956 3798; x_wconf 60' lang='lat' dir='ltr'>vigum,</span> <span class='ocrx_word' id='word_1_183' title='bbox 974 3694 1202 3770; x_wconf 82' lang='lat' dir='ltr'>circumfoffas</span> <span class='ocrx_word' id='word_1_184' title='bbox 1223 3720 1321 3768; x_wconf 89' lang='lat' dir='ltr'>arena</span> <span class='ocrx_word' id='word_1_185' title='bbox 1348 3696 1477 3770; x_wconf 87' lang='lat' dir='ltr'>fluviali</span> <span class='ocrx_word' id='word_1_186' title='bbox 1492 3680 1519 3789; x_wconf 41' lang='lat'>,¹</span> <span class='ocrx_word' id='word_1_187' title='bbox 1599 3785 1602 3793; x_wconf 27' lang='lat'>¹</span> 
     </span>
     <span class='ocr_line' id='line_1_27' title="bbox 553 3798 1505 3905; baseline -0.001 -25"><span class='ocrx_word' id='word_1_188' title='bbox 553 3806 610 3880; x_wconf 87' lang='lat' dir='ltr'>vel</span> <span class='ocrx_word' id='word_1_189' title='bbox 630 3806 744 3880; x_wconf 87' lang='lat' dir='ltr'>cinere</span> <span class='ocrx_word' id='word_1_190' title='bbox 763 3798 952 3879; x_wconf 79' lang='lat' dir='ltr'>debebimus</span> <span class='ocrx_word' id='word_1_191' title='bbox 972 3829 1138 3905; x_wconf 84' lang='lat' dir='ltr'>aggerare.</span> <span class='ocrx_word' id='word_1_192' title='bbox 1153 3804 1302 3897; x_wconf 85' lang='lat' dir='ltr'>Quidam</span> <span class='ocrx_word' id='word_1_193' title='bbox 1313 3807 1437 3903; x_wconf 89' lang='lat' dir='ltr'>lapides</span> <span class='ocrx_word' id='word_1_194' title='bbox 1450 3809 1505 3880; x_wconf 89' lang='lat' dir='ltr'>iu·</span> 
     </span>
    </p>

    <p class='ocr_par' dir='ltr' id='par_1_12' title="bbox 517 3912 1515 4008">
     <span class='ocr_line' id='line_1_28' title="bbox 517 3912 1515 4008; baseline -0.001 -23"><span class='ocrx_word' id='word_1_195' title='bbox 517 3913 669 4008; x_wconf 53' lang='lat' dir='ltr'>⁸serunt</span> <span class='ocrx_word' id='word_1_196' title='bbox 687 3914 775 3986; x_wconf 85' lang='lat' dir='ltr'>inter</span> <span class='ocrx_word' id='word_1_197' title='bbox 794 3912 941 3995; x_wconf 78' lang='lat' dir='ltr'>flexuosa</span> <span class='ocrx_word' id='word_1_198' title='bbox 959 3914 1121 3987; x_wconf 89' lang='lat' dir='ltr'>radicum.</span> <span class='ocrx_word' id='word_1_199' title='bbox 1200 4001 1201 4004; x_wconf 8' lang='grc' dir='ltr'><strong>Ἴ</strong></span> <span class='ocrx_word' id='word_1_200' title='bbox 1513 3937 1515 3941; x_wconf 94' lang='grc'><strong><em>·</em></strong></span> 
     </span>
    </p>

    <p class='ocr_par' dir='ltr' id='par_1_13' title="bbox 557 4011 1505 4228">
     <span class='ocr_line' id='line_1_29' title="bbox 599 4011 1504 4124; baseline 0 -27"><span class='ocrx_word' id='word_1_201' title='bbox 599 4026 650 4099; x_wconf 86' lang='lat' dir='ltr'>X.</span> <span class='ocrx_word' id='word_1_202' title='bbox 669 4025 805 4098; x_wconf 83' lang='lat' dir='ltr'>Hildem</span> <span class='ocrx_word' id='word_1_203' title='bbox 820 4011 1030 4124; x_wconf 84' lang='lat' dir='ltr'>temporibus</span> <span class='ocrx_word' id='word_1_204' title='bbox 1050 4026 1087 4097; x_wconf 79' lang='grc' dir='ltr'>δι</span> <span class='ocrx_word' id='word_1_205' title='bbox 1107 4021 1191 4095; x_wconf 85' lang='lat' dir='ltr'>locis</span> <span class='ocrx_word' id='word_1_206' title='bbox 1205 4023 1332 4111; x_wconf 87' lang='lat' dir='ltr'>vitem,</span> <span class='ocrx_word' id='word_1_207' title='bbox 1346 4048 1419 4119; x_wconf 83' lang='lat' dir='ltr'>quae</span> <span class='ocrx_word' id='word_1_208' title='bbox 1439 4022 1504 4097; x_wconf 84' lang='lat' dir='ltr'>ste·</span> 
     </span>
     <span class='ocr_line' id='line_1_30' title="bbox 557 4130 1505 4228; baseline 0.004 -24"><span class='ocrx_word' id='word_1_209' title='bbox 557 4130 628 4221; x_wconf 76' lang='lat' dir='ltr'>rilis</span> <span class='ocrx_word' id='word_1_210' title='bbox 650 4132 774 4222; x_wconf 89' lang='lat' dir='ltr'>fuerit,</span> <span class='ocrx_word' id='word_1_211' title='bbox 797 4133 911 4206; x_wconf 86' lang='lat' dir='ltr'>Graeci</span> <span class='ocrx_word' id='word_1_212' title='bbox 936 4132 982 4205; x_wconf 89' lang='lat' dir='ltr'>ita</span> <span class='ocrx_word' id='word_1_213' title='bbox 1007 4132 1202 4228; x_wconf 85' lang='lat' dir='ltr'>praecipium</span> <span class='ocrx_word' id='word_1_214' title='bbox 1227 4134 1289 4205; x_wconf 83' lang='lat' dir='ltr'>effe</span> <span class='ocrx_word' id='word_1_215' title='bbox 1314 4134 1505 4208; x_wconf 89' lang='lat' dir='ltr'>curandam.</span> 
     </span>
    </p>

    <p class='ocr_par' dir='ltr' id='par_1_14' title="bbox 419 4236 1591 4337">
     <span class='ocr_line' id='line_1_31' title="bbox 419 4236 1591 4337; baseline 0.006 -30"><span class='ocrx_word' id='word_1_216' title='bbox 419 4278 426 4295; x_wconf 87' lang='lat'><strong>·</strong></span> <span class='ocrx_word' id='word_1_217' title='bbox 554 4236 699 4312; x_wconf 86' lang='lat' dir='ltr'>Trunco</span> <span class='ocrx_word' id='word_1_218' title='bbox 720 4239 791 4337; x_wconf 86' lang='lat' dir='ltr'>ejus</span> <span class='ocrx_word' id='word_1_219' title='bbox 803 4237 876 4311; x_wconf 74' lang='lat' dir='ltr'>fisso</span> <span class='ocrx_word' id='word_1_220' title='bbox 889 4240 1032 4335; x_wconf 85' lang='lat' dir='ltr'>lapidem</span> <span class='ocrx_word' id='word_1_221' title='bbox 1047 4240 1188 4311; x_wconf 82' lang='lat' dir='ltr'>afferunt</span> <span class='ocrx_word' id='word_1_222' title='bbox 1199 4239 1457 4331; x_wconf 73' lang='lat' dir='ltr'>includendum3</span> <span class='ocrx_word' id='word_1_223' title='bbox 1470 4245 1509 4314; x_wconf 78' lang='grc' dir='ltr'>δι</span> <span class='ocrx_word' id='word_1_224' title='bbox 1588 4244 1591 4251; x_wconf 82' lang='grc'><strong>’</strong></span> 
     </span>
    </p>
   </div>
   <div class='ocr_carea' id='block_1_3' title="bbox 555 4341 1590 4461">
    <p class='ocr_par' dir='ltr' id='par_1_15' title="bbox 555 4341 1590 4461">
     <span class='ocr_line' id='line_1_32' title="bbox 555 4341 1590 4461; baseline 0 -39"><span class='ocrx_word' id='word_1_225' title='bbox 555 4346 604 4422; x_wconf 85' lang='lat' dir='ltr'>ibi</span> <span class='ocrx_word' id='word_1_226' title='bbox 629 4351 733 4424; x_wconf 83' lang='lat' dir='ltr'>urinae</span> <span class='ocrx_word' id='word_1_227' title='bbox 759 4349 881 4428; x_wconf 80' lang='lat' dir='ltr'>veteris</span> <span class='ocrx_word' id='word_1_228' title='bbox 906 4351 1060 4424; x_wconf 82' lang='lat' dir='ltr'>humauae</span> <span class='ocrx_word' id='word_1_229' title='bbox 1085 4370 1231 4449; x_wconf 84' lang='lat' dir='ltr'>quatuor</span> <span class='ocrx_word' id='word_1_230' title='bbox 1264 4350 1394 4425; x_wconf 76' lang='lat' dir='ltr'>cotulas</span> <span class='ocrx_word' id='word_1_231' title='bbox 1421 4349 1509 4461; x_wconf 78' lang='lat' dir='ltr'>cirea</span> <span class='ocrx_word' id='word_1_232' title='bbox 1567 4341 1590 4358; x_wconf 55' lang='lat'><em>⁷</em></span> 
     </span>
    </p>
   </div>
   <div class='ocr_carea' id='block_1_4' title="bbox 0 0 1970 5759">
    <p class='ocr_par' dir='ltr' id='par_1_16' title="bbox 0 0 1970 5759">
     <span class='ocr_line' id='line_1_33' title="bbox 0 0 1970 5759; baseline 0 0"><span class='ocrx_word' id='word_1_233' title='bbox 0 0 1970 5759; x_wconf 95' lang='lat' dir='ltr'> </span> 
     </span>
    </p>
   </div>
  </div>
 </body>
</html>
