3875 5759
608 924 738 997 naus
765 921 977 1014 verrunt.
1004 919 1101 993 srva
1126 873 1312 998 uuiouss
1372 891 1438 1021 333

470 1080 519 1152 Si
538 1105 623 1153 vero
644 1081 859 1165 contuderit,
875 1079 1066 1178 sanguinem
1085 1079 1127 1151 de
1140 1103 1270 1151 corona
1292 1079 1444 1172 emittes,
1528 1143 1531 1152 .

485 1190 524 1259 ὅ(
555 1187 659 1259 calida
686 1187 912 1275 fomenrabis,
933 1185 1079 1285 axungia
1115 1187 1222 1258 vereri
1253 1213 1444 1289 perunges,
1525 1216 1527 1220 ⁴

485 1297 629 1368 ovinum
646 1322 782 1393 quoque
799 1297 921 1370 stercus
935 1323 1013 1369 cum
1033 1315 1132 1370 aceto
1155 1295 1390 1391 permiscebis,
1405 1302 1444 1374 δι

485 1406 632 1502 imponis
649 1435 658 1479 t
677 1407 834 1502 quamvis
853 1407 908 1493 alii
924 1406 1096 1510 caprinpm
1111 1406 1279 1479 efficacius
1296 1408 1444 1483 credant.
1533 1456 1536 1461 <

416 1578 418 1582 .
532 1519 618 1588 LVI.
640 1518 674 1587 Si
692 1516 882 1607 jumentum
907 1517 948 1587 ad
972 1532 1162 1610 aperturam
1188 1511 1443 1610 pulmpnculum

484 1620 603 1694 fecerit
613 1623 719 1711 ‚scias
734 1642 844 1695 totum
854 1624 966 1695 solum
980 1675 992 1713 ,
1007 1621 1076 1693 hoc
1099 1618 1145 1690 est
1166 1618 1284 1708 assem,
1306 1618 1366 1690 hac
1389 1643 1445 1692 ra·
1543 1709 1547 1715 .

484 1729 579 1802 tione
597 1732 808 1803 tollendum:
831 1731 999 1829 Ungulam
1022 1726 1172 1801 subradis
1185 1780 1197 1814 ,
1211 1725 1331 1798 deinde
1354 1726 1447 1800 inter.

451 1871 454 1876 ·
483 1841 729 1912 commissuram
744 1838 844 1911 culcis
858 1840 894 1911 ὅι
916 1839 987 1911 affis
1003 1834 1197 1910 incircuitu
1215 1834 1354 1923 incidis,
1368 1834 1443 1907 sub-

482 1948 612 2023 levabis
626 1976 643 2020 a
656 1969 749 2045 parte
766 1949 905 2043 priore,
925 1949 964 2022 &
986 1946 1092 2019 solum
1112 1943 1211 2020 calcis
1234 1945 1442 2018 retroversus

482 2059 651 2151 expelles,
672 2058 865 2153 ubicunque
888 2055 1126 2150 pulmunculus
1145 2052 1268 2142 fuerit,
1291 2054 1377 2126 radis
1398 2055 1442 2128 ad

484 2166 623 2255 vivum,
637 2172 674 2239 &
688 2164 823 2259 adjicies
845 2157 1071 2258 lanameutum
1092 2188 1134 2236 ex
1148 2165 1249 2258 oleo,
1264 2166 1300 2239 δι
1315 2184 1412 2238 aceto
1427 2220 1440 2255 ,
1513 2259 1516 2263 Δ

484 2274 522 2343 &
543 2273 627 2362 sale,
651 2278 689 2345 δι
712 2274 857 2346 slercore
878 2271 1204 2371 ipflsruslimponas]
1226 2275 1263 2346 δι
1286 2273 1441 2362 calceas,

484 2384 578 2454 tertia
593 2385 645 2456 die
658 2385 764 2458 solvis
777 2385 928 2463 &tollis
943 2383 1100 2479 posthoc
1115 2382 1339 2458 fomenrabis·:
1359 2383 1440 2457 fari·

482 2518 556 2564 nam
570 2494 802 2590 hordeaceam,
815 2495 969 2591 resinam,
982 2497 1019 2570 &
1032 2512 1161 2571 acetum
1177 2493 1363 2588 decoques,
1379 2520 1439 2589 per

482 2601 630 2673 triduum
655 2604 833 2701 impones3
857 2605 926 2680 hoc
951 2605 1041 2676 enim
1071 2605 1316 2677 medicamento
1339 2606 1437 2677 etiam

434 2808 437 2812 ι
481 2711 657 2785 stammam
671 2714 800 2788 curabis
809 2767 821 2806 ,
835 2712 858 2786 si
872 2712 1066 2811 frequenter
1075 2737 1235 2809 apponas.
1251 2712 1324 2807 posl
1336 2713 1436 2802 etiam

481 2825 715 2896 traumaricum
729 2849 805 2895 cum
821 2823 1020 2894 liniamento
1037 2823 1190 2917 impone,
1202 2826 1254 2905 ἂ,
1269 2843 1437 2896 cum-cor-

482 2955 546 3026 pus
564 2931 704 3020 fecerit,
717 2933 850 3004 corium
867 2932 945 3003 mali
959 2930 1085 3030 granati
1108 2920 1315 3004 &bitumen
1329 2934 1441 3005 ludai-

483 3065 561 3111 cum
584 3065 626 3112 ex
656 3061 753 3116 aceto
777 3045 947 3138 decoques
965 3044 1004 3113 δι
1032 3042 1186 3138 impones
1212 3044 1349 3130 tridu0,
1373 3049 1438 3134 δι,

483 3176 559 3222 cum
579 3152 744 3244 solveris,
759 3155 878 3228 iterum
891 3152 1053 3249 impone,
1066 3153 1177 3224 donec
1189 3153 1386 3229 obdurescat
1400 3156 1437 3228 in

481 3284 600 3333 cornu.
661 3330 665 3335 .

530 3373 629 3443 LVls.
653 3369 686 3441 si
707 3369 966 3468 exungulaverir
986 3368 1195 3462 jumentum,
1217 3394 1296 3442 cura
1316 3371 1437 3443 diffici-

481 3475 609 3565 lis,sed
622 3480 815 3575 profutura,
831 3480 856 3549 si
871 3503 942 3548 nou
956 3480 1067 3575 egebit
1079 3477 1234 3550 industria
1245 3531 1256 3566 ,
1267 3503 1435 3577 papyrum

482 3585 696 3659 candelarum
713 3591 906 3685 purgatam,
919 3585 1084 3659 subtiliter
1102 3588 1228 3684 carpis,
1249 3588 1385 3687 intingis
1399 3590 1436 3661 in
1489 3655 1493 3660 .

456 3703 461 3711 ’
484 3692 547 3764 ovi
564 3695 880 3783 crudialbumento,
898 3695 986 3768 circa
1011 3696 1170 3767 nudatum
1193 3699 1310 3792 pedem
1324 3700 1359 3771 in
1373 3701 1446 3770 cir·-

482 3803 611 3875 cuirum
627 3808 754 3900 pones,
771 3829 885 3901 panno
899 3808 938 3877 &
956 3804 1095 3878 fasciolo
1115 3806 1345 3902 superligabis,
1360 3808 1436 3902 post

481 3912 570 3983 diem
594 3912 729 3984 tertium
755 3912 881 3999 solvis,
900 3912 1102 3985 fomentabis
1124 3913 1229 3984 farina
1254 3913 1435 3985 frumenta·

483 4042 562 4108 cea,
582 4020 705 4105 resma,
720 4036 819 4090 aceto
836 4021 873 4091 &
895 4019 994 4090 melle
1010 4019 1136 4112 pariter
1152 4020 1314 4106 decoctis,
1329 4020 1435 4091 inrer-

483 4123 563 4195 dum
578 4125 763 4198 lomentum
778 4150 841 4221 pro
856 4126 958 4198 farina
973 4128 1089 4200 mittis.
1100 4130 1134 4199 si
1153 4128 1276 4205 vulnus
1289 4153 1359 4199 non
1372 4131 1437 4202 erit
1471 4181 1474 4186 -

483 4258 626 4327 purum,
645 4237 729 4306 vino
742 4236 858 4330 tepido
875 4237 1019 4323 lavabis,
1037 4236 1226 4309 liniamenta
1242 4260 1317 4306 cum
1336 4237 1436 4311 melle

483 4345 643 4439 impone:
665 4372 743 4420 cum
766 4349 979 4445 purgaverit,
993 4352 1191 4422 traumatico
1207 4345 1317 4417 ureris.
1343 4350 1434 4421 Cum
