3875 5759
565 883 636 958 208
684 819 1061 958 Pnhttnlt
1108 873 1422 950 RUTILII

523 1045 535 1096 ¹
566 1041 633 1130 rit,
653 1038 752 1112 sorbo
773 1033 901 1107 similia.
927 1031 1090 1106 mediocri
1115 1033 1236 1106 arbore
1258 1033 1461 1125 nascuntur,
1480 1034 1520 1108 &

564 1147 651 1220 flore
673 1142 865 1221 candidulo.
890 1141 1036 1214 dulcedo
1056 1141 1136 1217 huic
1159 1139 1283 1213 frusiui
1313 1168 1390 1215 cum
1416 1161 1519 1215 acuto
1548 1177 1559 1187 κ

389 1291 391 1298 ·
507 1275 512 1293 '·
561 1254 683 1352 sapore
697 1250 881 1325 commixta
900 1250 958 1331 est.
980 1248 1098 1323 seritur
1116 1249 1228 1325 mense
1249 1252 1431 1325 Decembri
1454 1276 1520 1322 nu·

563 1362 644 1436 cleis
657 1360 693 1429 hs
708 1355 849 1431 vasculis
862 1358 989 1452 positis.
1001 1355 1115 1427 Mense
1131 1380 1242 1428 autem
1256 1360 1434 1431 Februario
1447 1358 1519 1454 hy-

564 1467 743 1567 pomesidis
763 1466 892 1564 pla'nta,
908 1465 962 1535 sed
984 1463 1117 1560 pollicis
1139 1464 1366 1563 magnitudine
1388 1464 1519 1539 robusta

562 1575 762 1651 transfertur
784 1573 981 1652 breviffimo
997 1571 1135 1661 scrobe,·
1149 1571 1259 1646 soluta
1281 1592 1391 1663 terra,
1411 1572 1519 1669 pluri·

562 1710 625 1760 mo
643 1687 801 1784 stercore.
816 1684 880 1756 Sed
904 1681 1084 1755 munienda
1097 1682 1166 1772 est,
1188 1682 1267 1779 quia
1286 1684 1355 1755 cito
1379 1681 1521 1769 arescit,

563 1796 589 1871 fi
611 1795 738 1871 radices
760 1793 832 1890 eius
859 1813 980 1868 tentus
1000 1792 1175 1873 afflaverit.
1204 1792 1343 1865 Terram
1357 1792 1522 1887 *qualem-

564 1928 702 2002 cunque
720 1928 793 1977 non
816 1901 951 1998 respuit.
972 1901 1151 1974 amatloca
1163 1898 1432 1994 tepida‚aprica‚
1448 1924 1522 1970 ma-

565 2014 699 2103 ritima,
716 2015 754 2087 &
776 2010 861 2108 saepe
875 2009 1001 2085 saxosa.
1016 2009 1135 2083 statum
1149 2010 1292 2107 rigidum
1313 2006 1524 2085 reformidat„

566 2122 673 2210 inseri
691 2146 763 2193 non
787 2118 914 2215 potest,
930 2119 1053 2215 exigua
1076 2119 1177 2214 durat¹
1190 2111 1297 2191 aetate.
1321 2118 1425 2189 Poma
1449 2114 1522 2208 ejus

567 2215 681 2302 autin
703 2229 820 2323 picatis
843 2231 882 2300 &
902 2228 1039 2298 minutis
1062 2229 1234 2315 urceolis,
1257 2245 1314 2299 aut
1334 2225 1432 2298 scobe
1457 2249 1523 2318 po·

567 2333 666 2431 puli,
687 2331 798 2404 autin
819 2332 898 2405 ollis
919 2332 1007 2403 inter
1031 2356 1114 2405 uras
1135 2334 1285 2406 vinaceis
1308 2333 1430 2403 obruta
1455 2331 1524 2401 ser-

568 2443 752 2519 vahuntur.
1338 2528 1339 2532 Ἰ
1395 2468 1397 2471 ·
1512 2450 1515 2456 “

580 2599 587 2626 r
618 2556 661 2626 V.
679 2556 780 2629 Nunc
801 2578 880 2651 rapa
898 2552 934 2627 in
955 2571 1066 2650 partes
1082 2552 1225 2626 minutas
1239 2550 1341 2624 recisa
1355 2606 1366 2642 ‚
1381 2552 1418 2625 &
1438 2551 1525 2625 levi·

566 2685 620 2741 ter
631 2653 744 2758 cosia,
758 2669 798 2742 &
810 2669 885 2741 tota
902 2666 955 2740 die
967 2639 1158 2764 diligentius
1177 2664 1361 2749 exsiccata,
1383 2690 1425 2736 ne
1443 2663 1525 2763 quid

569 2775 742 2850 reservent
755 2775 931 2868 humoris,
944 2774 1097 2872 &sinapi
1117 2800 1159 2847 ex
1178 2789 1296 2862 aceto,
1316 2773 1399 2848 ficut
1419 2773 1526 2846 moris

568 2886 636 2974 esi,
651 2905 863 2982 temperato,
885 2909 1033 2984 mergere
1048 2888 1085 2958 δι
1100 2885 1240 2958 condire
1258 2884 1473 2971 curabimus,
1486 2884 1525 2956 &

554 2999 556 3002 ’
569 2991 697 3084 repleta
711 2992 787 3061 vasa
808 2993 1020 3070 claudemus,
1033 3016 1072 3063 ac
1086 2994 1161 3087 post
1180 2991 1369 3090 aliquantos
1381 2994 1450 3065 dies
1465 3017 1523 3090 gu·

569 3095 673 3166 ssibus
690 3094 886 3187 explorata,
907 3093 1116 3189 proferemus
1136 3098 1235 3170 usuri.
1248 3103 1362 3191 Quam
1385 3125 1454 3198 rem
1475 3103 1526 3172 Ja-

476 3297 478 3301 .
569 3201 694 3275 nuario
713 3205 908 3299 quoque&
929 3203 1122 3276 Novembri
1141 3207 1252 3280 mense
1265 3210 1453 3303 poterimus
1474 3210 1527 3282 ef·

569 3307 680 3383 ficere.
1457 3337 1462 3346 ·

619 3425 678 3498 Vl.
700 3424 801 3496 Nunc
820 3421 942 3512 etiam,
956 3420 1080 3517 quibus
1099 3420 1178 3496 litus
1191 3422 1227 3496 in
1248 3424 1357 3498 srutiu
1372 3426 1442 3517 est,
1468 3427 1527 3500 ubi

570 3532 661 3605 lunae
673 3529 806 3626 juvabit
826 3549 1063 3629 augmentum,
1080 3558 1156 3631 quae
1170 3535 1322 3608 omnium
1336 3536 1526 3611 clausorum

571 3639 673 3713 maris
693 3640 911 3731 animalium,
933 3660 1032 3738 atque
1065 3646 1270 3718 concharum
1298 3644 1391 3739 jubet
1416 3647 1526 3718 incre·

572 3751 691 3824 mento
704 3749 770 3824 suo
785 3751 933 3825 membra
958 3771 1109 3849 turgere,
1134 3754 1244 3826 echini
1270 3782 1386 3829 carnes
1406 3754 1527 3829 salibus

575 3862 717 3937 condire
747 3863 923 3939 curabunt.
950 3865 1057 3962 quod-
1076 3863 1177 3936 solito
1204 3890 1302 3939 more
1337 3862 1527 3941 conficitur.

574 3974 664 4045 hauc
680 3995 817 4067 quoque
830 3997 900 4043 rem
917 3997 975 4067 per
994 3973 1255 4046 omnes-menses
1268 3974 1353 4044 bene
1368 3972 1525 4047 faciemus

574 4082 745 4154 hibernos.
762 4081 884 4154 Pernas
902 4082 1002 4154 etiam
1016 4083 1054 4154 &
1077 4080 1204 4154 lardum
1229 4081 1428 4156 conficimus
1453 4109 1526 4156 non

576 4191 683 4263 solum
704 4191 814 4264 mense
829 4192 912 4280 hoc,
927 4193 982 4264 sed
1001 4192 1183 4282 omnibus,
1202 4218 1289 4292 quos
1310 4194 1459 4266 hiemalis
1476 4195 1525 4267 al·

577 4325 640 4395 gor
659 4300 841 4401 adstringit.
861 4304 1034 4401 Tempore
1054 4301 1120 4380 hoc
1137 4328 1197 4403 per
1220 4305 1360 4379 humiles
1380 4305 1474 4382 siluas
1489 4309 1526 4381 &
