3875 5759
672 936 777 1007 cin.
825 936 893 1007 1v.
942 931 1314 1006 nunnus
1417 954 1483 1029 ,ος

568 1095 628 1165 Ν.
649 1093 754 1164 Nunc
773 1092 862 1165 cicer
883 1108 1065 1189 utrumque
1085 1089 1193 1162 serere
1217 1089 1380 1161 debemus
1401 1087 1488 1161 loco

478 1249 484 1258 -
524 1199 716 1286 laetiffimo,
736 1200 830 1272 coelo
850 1199 1007 1272 humido.
1026 1199 1266 1271 macerandum
1285 1196 1334 1270 est
1355 1197 1489 1293 pridie,
1515 1248 1530 1269 c

521 1328 560 1378 ut
576 1309 679 1403 potiit
700 1309 799 1381 citius
819 1308 919 1382 nalci.
941 1311 1104 1406 Iugerum
1125 1309 1235 1382 tribus
1251 1306 1378 1379 modiis
1397 1307 1490 1379 con'·

520 1413 657 1486 seretur.
677 1414 779 1487 Cicer
797 1415 922 1512 grande
937 1416 1029 1490 nasci
1045 1418 1160 1491 Gracci
1177 1417 1355 1507 dicunt,s1
1372 1416 1492 1490 infun-

519 1523 621 1596 datur
634 1550 720 1623 aqua
738 1528 851 1622 tepida
867 1526 999 1622 pridie:
1012 1552 1124 1601 amare
1136 1528 1239 1601 etiam
1260 1529 1337 1602 loca
1356 1527 1491 1602 mariti·

520 1657 574 1703 ma
586 1660 596 1704 ε
610 1632 794 1731 temperius
807 1635 1013 1729 provenire,
1022 1637 1054 1707 'li
1072 1636 1197 1710 leramr
1207 1638 1404 1710 audumno.

571 1748 615 1817 V.
629 1746 708 1818 Hoc
720 1745 820 1817 etiam
838 1748 952 1819 menle
966 1748 1158 1819 cannabum
1176 1747 1315 1819 lecimus
1326 1746 1430 1841 usque
1450 1746 1490 1818 in
1565 1735 1608 1816 e!

520 1858 764 1952 aquinofflum
784 1883 953 1947 nemum,
968 1858 1032 1930 hac
1045 1858 1279 1952 ratione,qua
1292 1856 1328 1926 in
1346 1856 1490 1925 Februa·

519 1963 574 2035 rio
592 1965 799 2061 disputatum
823 1964 882 2035 est.

477 2115 491 2144 ι
567 2078 628 2143 Vl.
651 2076 755 2144 Nunc
774 2071 885 2145 cicera
905 2067 1046 2155 seritur,
1065 2093 1143 2167 quae
1166 2067 1301 2143 distata
1321 2066 1490 2144 cicercula

518 2179 597 2251 solo
615 2182 757 2266 colore,
772 2205 844 2274 quo
861 2178 995 2267 sordet,
1013 2181 1052 2254 &
1065 2178 1200 2278 nigrior.
1207 2180 1257 2254 est
1268 2235 1280 2271 ,
1292 2180 1406 2277 primo
1418 2182 1489 2253 sul·

520 2316 566 2361 co
582 2347 594 2376 ,
610 2291 668 2363 vel
695 2291 861 2379 secundo,
874 2289 951 2362 solo
964 2292 1057 2365 laeto.
1071 2295 1230 2392 iugerum
1253 2313 1404 2390 quatuor
1428 2291 1490 2366 vel

515 2401 647 2485 tribus,
663 2400 833 2472 ueletiam
850 2399 986 2475 duobus
999 2404 1125 2475 modiis
1147 2401 1372 2498 implebimus.

567 2512 642 2583 vu
655 2512 734 2583 Hoc
747 2510 860 2583 mense
872 2512 1013 2584 novella
1025 2513 1128 2587 vinea
1141 2510 1281 2604 incipiat
1292 2509 1489 2603 pulverari,

517 2619 612 2713 quod
627 2644 718 2691 nunc
729 2644 768 2691 ac
780 2619 942 2712 deinceps
955 2644 1017 2713 per
1032 2642 1153 2689 omnes
1170 2616 1363 2700 Kalendas,
1382 2616 1488 2711 usque

516 2727 559 2797 ad
584 2729 773 2815 Ollobres,
795 2726 989 2797 laciendum
1018 2726 1092 2809 est,
1114 2748 1189 2793 non
1213 2722 1322 2793 solum
1346 2740 1489 2817 propter

515 2831 659 2915 herbas,
673 2835 729 2903 sed
747 2857 792 2903 ne
809 2850 927 2902 tenera
946 2831 1056 2902 adhuc
1075 2830 1223 2915 semina,
1238 2828 1379 2901 solidata
1397 2825 1489 2903 ierra

517 2937 738 3034 constringat.
752 2938 957 3009 Grann'num
975 2938 1102 3010 radices
1110 2977 1129 3025 ,1
1137 2960 1216 3031 quae
1234 2933 1417 3031 plurimum
1432 2937 1490 3008 vi·

517 3045 610 3116 tibus
630 3066 779 3134 nocent,
793 3044 1017 3141 exstirpanda
1036 3044 1121 3118 lunt.
1141 3044 1245 3117 Nunc
1259 3044 1346 3119 locis
1358 3045 1489 3144 frigidis

514 3154 693 3225 vinearum
715 3154 817 3228 lollio
840 3154 1038 3227 celebranda
1058 3154 1130 3228 eli:
1152 3156 1191 3227 dt
1211 3154 1366 3250 palandae
1383 3178 1487 3253 atque

515 3267 659 3363 liganda
676 3266 751 3339 sunt
767 3266 877 3339 vites:
893 3251 949 3337 se'd
968 3268 1145 3339 novellam
1157 3266 1321 3339 mollibus
1337 3267 1487 3343 vinculis

515 3379 710 3475 alligemus,
726 3378 805 3475 quia
819 3402 893 3448 eam
910 3395 1058 3448 teneram
1080 3376 1220 3450 vincula
1240 3377 1379 3450 duriora
1396 3405 1485 3473 prae·

517 3485 646 3557 cidunt.
668 3487 767 3558 Palus
782 3483 969 3577 majoribus
989 3484 1161 3582 [vitibus]
1177 3484 1324 3576 solidus,
1340 3487 1486 3559 minori·

500 3590 578 3667 'bus
594 3596 871 3689 ponanrrexilie
895 3596 1040 3690 Propter
1060 3596 1191 3667 umbrae
1212 3597 1396 3670 molestiam
1417 3598 1486 3671 sta·

514 3722 628 3775 tuatur
638 3706 682 3775 ab
696 3706 887 3801 Aquilone,
900 3707 939 3778 &
953 3704 1048 3801 plaga
1061 3701 1200 3801 frigida,
1212 3704 1320 3804 spatio
1333 3726 1484 3803 quatuor

514 3811 699 3909 digitorum
712 3812 769 3883 vel
781 3810 957 3907 semipedis
968 3829 1120 3883 remotus
1133 3837 1153 3883 a
1165 3811 1257 3901 vite,
1271 3832 1311 3883 ut
1326 3813 1427 3907 poffit
1437 3838 1483 3884 cx

507 3922 613 3992 omni
625 3938 722 4017 parte
738 3919 957 3997 circumfodi.
978 3923 1105 3994 Vincas
1117 3940 1251 3997 veteres
1264 3920 1480 4018 nunc'aliqui

514 4053 533 4100 a
555 4050 644 4102 terra
665 4032 764 4104 altius
785 4050 965 4120 truncant,
989 4031 1156 4103 studentes
1173 4029 1405 4127 reparationi:
1423 4029 1481 4103 sed

514 4136 680 4209 vitiosum
695 4139 752 4211 ell.
764 4164 844 4210 nam
861 4140 1058 4239 plerumque
1076 4138 1205 4215 vastior
1217 4141 1315 4235 plaga
1329 4136 1400 4208 lole
1415 4162 1482 4233 pu·

515 4244 629 4323 rrclcit
655 4248 695 4319 dt
726 4245 872 4321 roribus.
894 4275 996 4347 quare
1023 4251 1093 4323 ho'c
1124 4273 1248 4349 genere
1278 4264 1478 4337 repareture

515 4359 612 4432 Prius
627 4356 883 4459 ablaqueabitur
896 4360 1017 4455 altius,
1030 4363 1141 4439 donec
1159 4360 1232 4459 ejus
1245 4356 1357 4433 nodus
1371 4381 1478 4455 appar
