3875 5759
606 869 739 941 naru
758 825 973 973 ntractatur.
999 868 1096 941 srva
1119 872 1305 949 nolon.
1373 879 1439 975 365

533 1030 594 1099 lX.
611 1029 645 1100 Si
661 1047 780 1101 natura
794 1028 947 1133 jumento
971 1030 1126 1119 excedit,
1141 1034 1179 1106 δι
1194 1036 1350 1108 revocari
1370 1063 1442 1110 non

484 1137 608 1233 possit,
627 1137 663 1209 in
687 1137 774 1237 aqua
797 1139 999 1237 frigidiffima
1016 1140 1288 1216 constituendum
1311 1146 1383 1234 est,
1404 1150 1442 1221 δι

483 1244 531 1316 ibi
556 1246 767 1337 fovendum,
790 1252 826 1323 δι
855 1249 1006 1321 sublitam
1026 1276 1162 1323 manum
1185 1252 1220 1324 in
1243 1278 1344 1325 anum
1370 1254 1442 1347 ejus

484 1350 633 1446 injicies,
647 1358 684 1429 &
702 1376 823 1429 contra
842 1355 986 1446 vesrcam
1007 1353 1161 1444 fricabis,
1177 1358 1250 1453 poll
1268 1359 1442 1457 diligenter

482 1466 682 1559 cooperies,
696 1490 737 1537 ne
759 1464 982 1564 perdigescar.
1001 1466 1164 1558 Potiones
1189 1468 1303 1556 dabis,
1317 1468 1441 1542 stercus

482 1571 615 1645 suillum
640 1577 795 1673 quotidie
812 1601 855 1649 ex
876 1577 985 1667 vino,
1002 1596 1058 1651 aut
1077 1575 1111 1648 in
1137 1600 1224 1674 aqua
1245 1577 1359 1670 dulci,
1380 1579 1441 1653 do·

484 1705 549 1753 nec
569 1684 739 1759 liberetur.
1085 1770 1088 1774 .

531 1794 575 1863 X.
598 1794 633 1865 Si
651 1794 837 1887 jumentum
850 1795 1044 1895 sanguinem
1057 1794 1243 1880 minxerit,
1265 1795 1322 1868 vel
1336 1797 1441 1870 adsel-

482 1899 588 1974 latum
612 1903 736 1996 fiterit,
759 1908 820 1979 hac
842 1908 973 1979 ratione
1000 1905 1179 1977 curabitur.
1196 1905 1252 1976 De
1268 1896 1451 1999 superiore-

482 2035 572 2085 vena
587 2013 718 2113 sanguis
730 2017 918 2101 auferatur,
931 2013 1104 2109 asphodeli
1116 2037 1253 2110 quoque
1267 2012 1377 2084 herbae
1388 2040 1441 2085 ra·

483 2121 541 2191 dix
558 2124 697 2210 teritur,
712 2126 750 2195 &
771 2147 848 2194 cum
871 2122 942 2194 vini
963 2121 1030 2195 albi
1049 2121 1155 2195 dulcis
1177 2119 1307 2195 duabus
1316 2122 1445 2221 corylis

483 2250 544 2320 per
564 2251 604 2297 os
626 2226 835 2318 infunditur,
849 2254 926 2325 quae
943 2230 1111 2327 glutinosa
1123 2228 1288 2304 videatur.
1303 2229 1442 2302 Prodest

482 2331 582 2404 etiam
596 2332 739 2408 farinam
758 2337 921 2411 triticeam
937 2364 1012 2411 cum
1028 2339 1126 2435 adipe
1143 2340 1234 2412 suilla
1250 2340 1442 2433 &pulvere

481 2442 618 2517 corticis
637 2446 863 2545 maligranati
878 2451 1091 2546 decoquere,
1111 2452 1149 2523 dt
1162 2474 1233 2519 non
1248 2447 1368 2534 crassas
1377 2472 1441 2543 po·

481 2551 613 2639 tiones,
628 2554 684 2627 sed
697 2550 839 2653 liquidas
853 2582 912 2653 per
928 2582 968 2644 os
983 2556 1135 2628 sundere.
1150 2558 1188 2627 &
1204 2577 1275 2625 non
1295 2548 1401 2625 solum
1422 2580 1440 2625 a
1487 2617 1489 2622 .

483 2663 658 2753 cursibus,
675 2665 730 2738 sed
760 2668 861 2738 etiam
887 2667 929 2737 ab
954 2664 1184 2737 ambulatione
1209 2662 1440 2733 abstinendum

481 2771 552 2859 est,
569 2793 606 2846 ut
625 2773 810 2869 glutinetur
828 2798 937 2861 vena,
957 2797 1033 2868 quae
1053 2772 1239 2866 interrupta
1265 2767 1321 2841 est.
1341 2771 1440 2840 Con·

479 2879 582 2976 tingit
591 2881 681 2951 enirn
696 2881 792 2951 cursu
803 2881 857 2951 v'el
871 2879 973 2966 saltu,
986 2899 1024 2952 ut
1037 2877 1226 2952 intrinsecae
1241 2902 1337 2949 venae
1350 2902 1440 2950 rutn-

481 3008 606 3086 pantur
633 3008 862 3088 :quapropter
888 2990 989 3063 rebus
1009 2986 1183 3088 dypticis,
1204 2989 1242 3060 δι
1266 2986 1341 3080 bis,
1362 3009 1441 3084 quae

436 3093 468 3154 n,
480 3098 785 3182 consolidationem
804 3101 958 3189 faciunt,
974 3118 1120 3173 curetur.
1136 3100 1241 3195 Super
1257 3123 1352 3172 renes
1371 3099 1440 3173 hoc

482 3211 682 3285 anacollima
697 3231 836 3308 oportet
851 3210 982 3307 imponi
997 3236 1007 3281 ε
1024 3208 1150 3281 Bulbos
1165 3205 1328 3281 tascedeas
1342 3208 1440 3282 vivas

481 3320 663 3410 contusas,
681 3320 759 3394 allia
792 3321 966 3416 quinque,
991 3314 1165 3413 anagallici
1195 3314 1339 3404 libram,
1362 3340 1439 3411 quae

481 3430 598 3500 omnia
613 3429 735 3525 pariter
751 3431 836 3500 bene
847 3428 926 3497 trita
939 3421 1150 3508 commistis,
1166 3425 1203 3496 &
1217 3423 1353 3495 renibus
1366 3420 1439 3512 ejus

481 3534 642 3629 imponis.
652 3535 747 3631 quod
763 3531 899 3630 prodest
911 3530 1011 3602 etiam
1025 3530 1108 3619 illis,
1121 3530 1243 3626 quibus
1261 3529 1366 3604 evulsi
1381 3529 1438 3601 vel

481 3643 589 3716 emoti
609 3642 684 3715 sunt
701 3668 807 3717 renes.
829 3643 889 3715 His
907 3660 1040 3725 autem,
1054 3638 1176 3735 quibus
1197 3665 1258 3735 per
1276 3664 1371 3710 nares
1387 3636 1438 3711 ef·

480 3753 558 3827 fluit
579 3752 842 3850 sanguis,pusca
862 3750 1063 3850 frigidissima
1083 3767 1183 3844 caput
1197 3746 1267 3840 ejus
1279 3746 1437 3836 fovebis,

480 3862 654 3936 modicum
676 3860 748 3933 salis
766 3860 912 3955 adjicies.
932 3857 1008 3954 post
1027 3856 1228 3929 anacollima
1246 3853 1281 3925 in
1303 3852 1435 3947 capite,

480 3973 520 4042 δι
540 3971 576 4041 in
595 3968 803 4066 temporibus
817 3967 958 4056 oblinis,
973 3970 1011 4041 δι
1030 3966 1066 4037 in
1085 3964 1329 4057 medicamento
1347 3986 1435 4035 con·
1550 3993 1555 4004 ·

480 4078 597 4150 stridis
616 4078 712 4158 venis
729 4077 859 4177 flunum
873 4074 1039 4173 sanguinis
1058 4075 1227 4171 reprimes

529 4188 588 4256 Xl
609 4187 644 4256 Si
662 4186 852 4283 dysenteria
876 4184 1063 4280 jumentum
1081 4178 1358 4279 apprehenderit,
1380 4203 1434 4251 re·

484 4295 631 4370 versatur
649 4292 721 4389 ejus
734 4295 874 4370 extalis:
891 4294 950 4395 qui
966 4299 1006 4368 'ut
1023 4311 1181 4385 curetur,
1196 4288 1434 4369 circumsecan-
