<?xml version="1.0" encoding="UTF-8"?>
<!DOCTYPE html PUBLIC "-//W3C//DTD XHTML 1.0 Transitional//EN"
    "http://www.w3.org/TR/xhtml1/DTD/xhtml1-transitional.dtd">
<html xmlns="http://www.w3.org/1999/xhtml" xml:lang="en" lang="en">
 <head>
  <title>
</title>
<meta http-equiv="Content-Type" content="text/html;charset=utf-8" />
  <meta name='ocr-system' content='tesseract 3.04.00' />
  <meta name='ocr-capabilities' content='ocr_page ocr_carea ocr_par ocr_line ocrx_word'/>
</head>
<body>
  <div class='ocr_page' id='page_1' title='image "./scriptoresreiru00gesngoog_0130.png"; bbox 0 0 3875 5759; ppageno 0'>
   <div class='ocr_carea' id='block_1_1' title="bbox 413 880 1407 984">
    <p class='ocr_par' dir='ltr' id='par_1_1' title="bbox 413 880 1407 984">
     <span class='ocr_line' id='line_1_1' title="bbox 413 880 1407 984; baseline -0.004 0"><span class='ocrx_word' id='word_1_1' title='bbox 413 899 419 911; x_wconf 83' lang='lat'><em>&#39;</em></span> <span class='ocrx_word' id='word_1_2' title='bbox 513 880 1407 984; x_wconf 56' lang='lat' dir='ltr'><strong>*nnrnunorraurrurr</strong></span> 
     </span>
    </p>
   </div>
   <div class='ocr_carea' id='block_1_2' title="bbox 479 1065 1583 1827">
    <p class='ocr_par' dir='ltr' id='par_1_2' title="bbox 479 1065 1583 1827">
     <span class='ocr_line' id='line_1_2' title="bbox 542 1065 1583 1165; baseline 0.002 -24"><span class='ocrx_word' id='word_1_3' title='bbox 542 1088 617 1161; x_wconf 86' lang='lat' dir='ltr'><strong>tur,</strong></span> <span class='ocrx_word' id='word_1_4' title='bbox 631 1068 761 1143; x_wconf 88' lang='lat' dir='ltr'><strong>idcirco</strong></span> <span class='ocrx_word' id='word_1_5' title='bbox 773 1094 863 1142; x_wconf 89' lang='lat' dir='ltr'><strong>nunc</strong></span> <span class='ocrx_word' id='word_1_6' title='bbox 878 1069 1168 1165; x_wconf 88' lang='lat' dir='ltr'><strong>comparabuntur</strong></span> <span class='ocrx_word' id='word_1_7' title='bbox 1185 1065 1322 1158; x_wconf 91' lang='lat' dir='ltr'><strong>utilius,</strong></span> <span class='ocrx_word' id='word_1_8' title='bbox 1335 1066 1415 1165; x_wconf 87' lang='lat' dir='ltr'><strong>quia</strong></span> <span class='ocrx_word' id='word_1_9' title='bbox 1427 1084 1508 1143; x_wconf 73' lang='lat' dir='ltr'><strong>nec³</strong></span> <span class='ocrx_word' id='word_1_10' title='bbox 1581 1079 1583 1091; x_wconf 93' lang='lat'>&#39;</span> 
     </span>
     <span class='ocr_line' id='line_1_3' title="bbox 479 1170 1509 1278; baseline 0 -23"><span class='ocrx_word' id='word_1_11' title='bbox 479 1170 482 1175; x_wconf 53' lang='grc'><strong>’</strong></span> <span class='ocrx_word' id='word_1_12' title='bbox 540 1185 623 1255; x_wconf 90' lang='lat' dir='ltr'><strong>dum</strong></span> <span class='ocrx_word' id='word_1_13' title='bbox 640 1182 750 1278; x_wconf 88' lang='lat' dir='ltr'><strong>sagina</strong></span> <span class='ocrx_word' id='word_1_14' title='bbox 764 1181 926 1276; x_wconf 88' lang='lat' dir='ltr'><strong>temporis</strong></span> <span class='ocrx_word' id='word_1_15' title='bbox 942 1180 1035 1277; x_wconf 80' lang='lat' dir='ltr'><strong>pleni</strong></span> <span class='ocrx_word' id='word_1_16' title='bbox 1052 1199 1110 1253; x_wconf 86' lang='lat' dir='ltr'><strong>aut</strong></span> <span class='ocrx_word' id='word_1_17' title='bbox 1129 1177 1236 1253; x_wconf 87' lang='lat' dir='ltr'><strong>celare</strong></span> <span class='ocrx_word' id='word_1_18' title='bbox 1258 1180 1397 1277; x_wconf 79' lang='lat' dir='ltr'><strong>possunt</strong></span> <span class='ocrx_word' id='word_1_19' title='bbox 1411 1180 1509 1255; x_wconf 90' lang='lat' dir='ltr'><strong>falla-</strong></span> 
     </span>
     <span class='ocr_line' id='line_1_4' title="bbox 541 1290 1509 1388; baseline -0.003 -23"><span class='ocrx_word' id='word_1_20' title='bbox 541 1292 626 1366; x_wconf 86' lang='lat' dir='ltr'>ciam</span> <span class='ocrx_word' id='word_1_21' title='bbox 647 1290 889 1367; x_wconf 80' lang='lat' dir='ltr'><strong>venditoris&amp;</strong></span> <span class='ocrx_word' id='word_1_22' title='bbox 904 1291 986 1363; x_wconf 82' lang='lat' dir='ltr'><strong>vitia</strong></span> <span class='ocrx_word' id='word_1_23' title='bbox 1003 1290 1077 1379; x_wconf 86' lang='lat' dir='ltr'><strong>sua,</strong></span> <span class='ocrx_word' id='word_1_24' title='bbox 1090 1309 1147 1362; x_wconf 90' lang='lat' dir='ltr'><strong>aut</strong></span> <span class='ocrx_word' id='word_1_25' title='bbox 1161 1290 1382 1388; x_wconf 85' lang='lat' dir='ltr'><strong>repugnando</strong></span> <span class='ocrx_word' id='word_1_26' title='bbox 1395 1291 1509 1364; x_wconf 90' lang='lat' dir='ltr'><strong>domi-</strong></span> 
     </span>
     <span class='ocr_line' id='line_1_5' title="bbox 540 1394 1511 1494; baseline 0.003 -25"><span class='ocrx_word' id='word_1_27' title='bbox 540 1418 626 1471; x_wconf 84' lang='lat' dir='ltr'><strong>turae</strong></span> <span class='ocrx_word' id='word_1_28' title='bbox 644 1416 883 1473; x_wconf 81' lang='lat' dir='ltr'><strong>contumacem</strong></span> <span class='ocrx_word' id='word_1_29' title='bbox 897 1398 989 1494; x_wconf 89' lang='lat' dir='ltr'><strong>pleni</strong></span> <span class='ocrx_word' id='word_1_30' title='bbox 1010 1397 1148 1469; x_wconf 87' lang='lat' dir='ltr'><strong>roboris</strong></span> <span class='ocrx_word' id='word_1_31' title='bbox 1168 1417 1326 1470; x_wconf 83' lang='lat' dir='ltr'><strong>exercere</strong></span> <span class='ocrx_word' id='word_1_32' title='bbox 1342 1394 1511 1472; x_wconf 83' lang='lat' dir='ltr'><strong>fiduciam.</strong></span> 
     </span>
     <span class='ocr_line' id='line_1_6' title="bbox 541 1506 1509 1606; baseline -0.002 -26"><span class='ocrx_word' id='word_1_33' title='bbox 541 1508 626 1582; x_wconf 79' lang='lat' dir='ltr'><strong>Haec</strong></span> <span class='ocrx_word' id='word_1_34' title='bbox 644 1525 761 1588; x_wconf 88' lang='lat' dir='ltr'><strong>tamen</strong></span> <span class='ocrx_word' id='word_1_35' title='bbox 775 1507 866 1606; x_wconf 73' lang='lat' dir='ltr'><strong>signa</strong></span> <span class='ocrx_word' id='word_1_36' title='bbox 889 1506 1066 1603; x_wconf 80' lang='lat' dir='ltr'><strong>spettanda</strong></span> <span class='ocrx_word' id='word_1_37' title='bbox 1089 1506 1215 1579; x_wconf 91' lang='lat' dir='ltr'><strong>suntin</strong></span> <span class='ocrx_word' id='word_1_38' title='bbox 1232 1506 1369 1596; x_wconf 89' lang='lat' dir='ltr'><strong>bobus,</strong></span> <span class='ocrx_word' id='word_1_39' title='bbox 1390 1506 1447 1580; x_wconf 92' lang='lat' dir='ltr'><strong>seu</strong></span> <span class='ocrx_word' id='word_1_40' title='bbox 1467 1508 1509 1579; x_wconf 89' lang='lat' dir='ltr'><strong>de</strong></span> 
     </span>
     <span class='ocr_line' id='line_1_7' title="bbox 541 1614 1510 1716; baseline -0.001 -27"><span class='ocrx_word' id='word_1_41' title='bbox 541 1618 682 1704; x_wconf 87' lang='lat' dir='ltr'><strong>nostro,</strong></span> <span class='ocrx_word' id='word_1_42' title='bbox 697 1615 753 1690; x_wconf 86' lang='lat' dir='ltr'><strong>seu</strong></span> <span class='ocrx_word' id='word_1_43' title='bbox 767 1617 808 1691; x_wconf 92' lang='lat' dir='ltr'><strong>de</strong></span> <span class='ocrx_word' id='word_1_44' title='bbox 825 1617 939 1691; x_wconf 86' lang='lat' dir='ltr'><strong>allieno</strong></span> <span class='ocrx_word' id='word_1_45' title='bbox 956 1641 1054 1716; x_wconf 81' lang='lat' dir='ltr'><strong>grege</strong></span> <span class='ocrx_word' id='word_1_46' title='bbox 1070 1614 1196 1689; x_wconf 87' lang='lat' dir='ltr'><strong>fuerint</strong></span> <span class='ocrx_word' id='word_1_47' title='bbox 1214 1617 1458 1713; x_wconf 83' lang='lat' dir='ltr'><strong>comparandi,</strong></span> <span class='ocrx_word' id='word_1_48' title='bbox 1472 1633 1510 1689; x_wconf 94' lang='lat' dir='ltr'><strong>ut</strong></span> 
     </span>
     <span class='ocr_line' id='line_1_8' title="bbox 541 1726 1511 1827; baseline 0.003 -31"><span class='ocrx_word' id='word_1_49' title='bbox 541 1726 606 1797; x_wconf 88' lang='lat' dir='ltr'><strong>smt</strong></span> <span class='ocrx_word' id='word_1_50' title='bbox 620 1729 730 1802; x_wconf 85' lang='lat' dir='ltr'><strong>boves</strong></span> <span class='ocrx_word' id='word_1_51' title='bbox 749 1728 899 1815; x_wconf 86' lang='lat' dir='ltr'><strong>novelli,</strong></span> <span class='ocrx_word' id='word_1_52' title='bbox 912 1727 1085 1825; x_wconf 89' lang='lat' dir='ltr'><strong>quadratis</strong></span> <span class='ocrx_word' id='word_1_53' title='bbox 1096 1727 1134 1801; x_wconf 82' lang='grc' dir='ltr'><strong>δι</strong></span> <span class='ocrx_word' id='word_1_54' title='bbox 1148 1728 1329 1827; x_wconf 86' lang='lat' dir='ltr'><strong>grandibus</strong></span> <span class='ocrx_word' id='word_1_55' title='bbox 1338 1726 1511 1815; x_wconf 87' lang='lat' dir='ltr'><strong>membris,</strong></span> 
     </span>
    </p>
   </div>
   <div class='ocr_carea' id='block_1_3' title="bbox 428 1834 1511 1936">
    <p class='ocr_par' dir='ltr' id='par_1_3' title="bbox 428 1834 1511 1936">
     <span class='ocr_line' id='line_1_9' title="bbox 428 1834 1511 1936; baseline -0.002 -27"><span class='ocrx_word' id='word_1_56' title='bbox 428 1843 430 1845; x_wconf 78' lang='grc'><strong>’</strong></span> <span class='ocrx_word' id='word_1_57' title='bbox 537 1838 580 1909; x_wconf 87' lang='lat'><strong>·&amp;</strong></span> <span class='ocrx_word' id='word_1_58' title='bbox 599 1834 699 1908; x_wconf 86' lang='lat' dir='ltr'><strong>solidi</strong></span> <span class='ocrx_word' id='word_1_59' title='bbox 715 1836 891 1932; x_wconf 86' lang='lat' dir='ltr'><strong>corporis,</strong></span> <span class='ocrx_word' id='word_1_60' title='bbox 908 1836 1067 1910; x_wconf 88' lang='lat' dir='ltr'><strong>musculis</strong></span> <span class='ocrx_word' id='word_1_61' title='bbox 1081 1862 1120 1911; x_wconf 93' lang='lat' dir='ltr'><strong>ac</strong></span> <span class='ocrx_word' id='word_1_62' title='bbox 1133 1839 1218 1910; x_wconf 85' lang='lat' dir='ltr'><strong>toris</strong></span> <span class='ocrx_word' id='word_1_63' title='bbox 1231 1837 1358 1936; x_wconf 91' lang='lat' dir='ltr'><strong>ubique</strong></span> <span class='ocrx_word' id='word_1_64' title='bbox 1372 1840 1511 1936; x_wconf 90' lang='lat' dir='ltr'><strong>surgen·</strong></span> 
     </span>
    </p>
   </div>
   <div class='ocr_carea' id='block_1_4' title="bbox 456 1943 1551 2925">
    <p class='ocr_par' dir='ltr' id='par_1_4' title="bbox 456 1943 1551 2925">
     <span class='ocr_line' id='line_1_10' title="bbox 541 1943 1512 2048; baseline -0.001 -30"><span class='ocrx_word' id='word_1_65' title='bbox 541 1946 656 2034; x_wconf 89' lang='lat' dir='ltr'><strong>tibus,</strong></span> <span class='ocrx_word' id='word_1_66' title='bbox 671 1944 800 2043; x_wconf 89' lang='lat' dir='ltr'><strong>magnis</strong></span> <span class='ocrx_word' id='word_1_67' title='bbox 817 1943 1067 2034; x_wconf 78' lang='lat' dir='ltr'><strong>auribus,latae</strong></span> <span class='ocrx_word' id='word_1_68' title='bbox 1089 1944 1215 2048; x_wconf 77' lang='lat' dir='ltr'><strong>frontis</strong></span> <span class='ocrx_word' id='word_1_69' title='bbox 1235 1948 1275 2021; x_wconf 81' lang='grc' dir='ltr'><strong>δι</strong></span> <span class='ocrx_word' id='word_1_70' title='bbox 1297 1945 1440 2043; x_wconf 81' lang='lat' dir='ltr'><strong>crispae,</strong></span> <span class='ocrx_word' id='word_1_71' title='bbox 1460 1947 1512 2017; x_wconf 92' lang='lat' dir='ltr'><strong>la·</strong></span> 
     </span>
     <span class='ocr_line' id='line_1_11' title="bbox 485 2052 1511 2151; baseline -0.001 -24"><span class='ocrx_word' id='word_1_72' title='bbox 485 2072 487 2083; x_wconf 89' lang='grc'><em>·</em></span> <span class='ocrx_word' id='word_1_73' title='bbox 541 2054 612 2127; x_wconf 88' lang='lat' dir='ltr'><strong>bris</strong></span> <span class='ocrx_word' id='word_1_74' title='bbox 636 2052 810 2150; x_wconf 90' lang='lat' dir='ltr'><strong>oculisque</strong></span> <span class='ocrx_word' id='word_1_75' title='bbox 836 2052 1075 2151; x_wconf 82' lang='lat' dir='ltr'>nigrantibus,</span> <span class='ocrx_word' id='word_1_76' title='bbox 1093 2052 1256 2127; x_wconf 87' lang='lat' dir='ltr'><strong>cornibus</strong></span> <span class='ocrx_word' id='word_1_77' title='bbox 1277 2052 1445 2141; x_wconf 85' lang='lat' dir='ltr'><strong>robustis,</strong></span> <span class='ocrx_word' id='word_1_78' title='bbox 1469 2061 1511 2126; x_wconf 87' lang='lat' dir='ltr'><strong>ac</strong></span> 
     </span>
     <span class='ocr_line' id='line_1_12' title="bbox 541 2167 1511 2264; baseline 0.002 -25"><span class='ocrx_word' id='word_1_79' title='bbox 541 2167 611 2241; x_wconf 85' lang='lat' dir='ltr'><strong>fine</strong></span> <span class='ocrx_word' id='word_1_80' title='bbox 625 2186 819 2242; x_wconf 77' lang='lat' dir='ltr'><strong>curvaturae</strong></span> <span class='ocrx_word' id='word_1_81' title='bbox 834 2167 1003 2263; x_wconf 83' lang='lat' dir='ltr'><strong>pravitate</strong></span> <span class='ocrx_word' id='word_1_82' title='bbox 1017 2168 1166 2255; x_wconf 90' lang='lat' dir='ltr'><strong>lunatis,</strong></span> <span class='ocrx_word' id='word_1_83' title='bbox 1179 2168 1303 2264; x_wconf 88' lang='lat' dir='ltr'><strong>patulis</strong></span> <span class='ocrx_word' id='word_1_84' title='bbox 1322 2168 1455 2242; x_wconf 90' lang='lat' dir='ltr'><strong>naribus</strong></span> <span class='ocrx_word' id='word_1_85' title='bbox 1472 2170 1511 2241; x_wconf 77' lang='grc' dir='ltr'><strong>δι</strong></span> 
     </span>
     <span class='ocr_line' id='line_1_13' title="bbox 456 2279 1511 2378; baseline 0.001 -26"><span class='ocrx_word' id='word_1_86' title='bbox 456 2299 460 2308; x_wconf 86' lang='grc'><strong>’</strong></span> <span class='ocrx_word' id='word_1_87' title='bbox 542 2280 688 2368; x_wconf 77' lang='lat' dir='ltr'><strong>resumis,</strong></span> <span class='ocrx_word' id='word_1_88' title='bbox 704 2280 837 2354; x_wconf 88' lang='lat' dir='ltr'><strong>cervice</strong></span> <span class='ocrx_word' id='word_1_89' title='bbox 859 2279 975 2354; x_wconf 80' lang='lat' dir='ltr'>torosa</span> <span class='ocrx_word' id='word_1_90' title='bbox 994 2298 1095 2377; x_wconf 88' lang='lat' dir='ltr'><strong>atque</strong></span> <span class='ocrx_word' id='word_1_91' title='bbox 1113 2281 1307 2378; x_wconf 67' lang='lat' dir='ltr'><strong>compacta,</strong></span> <span class='ocrx_word' id='word_1_92' title='bbox 1323 2280 1511 2376; x_wconf 80' lang='lat' dir='ltr'><strong>palearibus</strong></span> 
     </span>
     <span class='ocr_line' id='line_1_14' title="bbox 543 2385 1511 2487; baseline 0.001 -28"><span class='ocrx_word' id='word_1_93' title='bbox 543 2388 644 2486; x_wconf 87' lang='lat' dir='ltr'><strong>largis</strong></span> <span class='ocrx_word' id='word_1_94' title='bbox 665 2391 703 2463; x_wconf 74' lang='grc' dir='ltr'><strong>δι</strong></span> <span class='ocrx_word' id='word_1_95' title='bbox 724 2390 815 2462; x_wconf 86' lang='lat' dir='ltr'><strong>circa</strong></span> <span class='ocrx_word' id='word_1_96' title='bbox 835 2415 944 2486; x_wconf 90' lang='lat' dir='ltr'><strong>genua</strong></span> <span class='ocrx_word' id='word_1_97' title='bbox 970 2388 1155 2462; x_wconf 89' lang='lat' dir='ltr'><strong>fluentibus</strong></span> <span class='ocrx_word' id='word_1_98' title='bbox 1172 2442 1184 2479; x_wconf 93' lang='lat'><strong>,</strong></span> <span class='ocrx_word' id='word_1_99' title='bbox 1201 2392 1344 2486; x_wconf 68' lang='lat' dir='ltr'><strong>&#39;pedore</strong></span> <span class='ocrx_word' id='word_1_100' title='bbox 1368 2385 1511 2487; x_wconf 87' lang='lat' dir='ltr'><strong>grandi,</strong></span> 
     </span>
     <span class='ocr_line' id='line_1_15' title="bbox 541 2498 1511 2596; baseline 0.002 -26"><span class='ocrx_word' id='word_1_101' title='bbox 541 2498 641 2571; x_wconf 87' lang='lat' dir='ltr'><strong>armis</strong></span> <span class='ocrx_word' id='word_1_102' title='bbox 654 2498 774 2590; x_wconf 80' lang='lat' dir='ltr'><strong>vallis,</strong></span> <span class='ocrx_word' id='word_1_103' title='bbox 790 2521 911 2573; x_wconf 87' lang='lat' dir='ltr'><strong>ventre</strong></span> <span class='ocrx_word' id='word_1_104' title='bbox 928 2524 999 2571; x_wconf 92' lang='lat' dir='ltr'><strong>non</strong></span> <span class='ocrx_word' id='word_1_105' title='bbox 1012 2524 1140 2596; x_wconf 89' lang='lat' dir='ltr'><strong>parvo,</strong></span> <span class='ocrx_word' id='word_1_106' title='bbox 1155 2500 1319 2596; x_wconf 71' lang='lat' dir='ltr'><strong>por&#39;redlis</strong></span> <span class='ocrx_word' id='word_1_107' title='bbox 1331 2499 1511 2588; x_wconf 88' lang='lat' dir='ltr'><strong>lateribus,</strong></span> 
     </span>
     <span class='ocr_line' id='line_1_16' title="bbox 543 2607 1551 2705; baseline 0.003 -27"><span class='ocrx_word' id='word_1_108' title='bbox 543 2608 619 2680; x_wconf 88' lang='lat' dir='ltr'><strong>latis</strong></span> <span class='ocrx_word' id='word_1_109' title='bbox 637 2607 782 2697; x_wconf 90' lang='lat' dir='ltr'><strong>lumbis,</strong></span> <span class='ocrx_word' id='word_1_110' title='bbox 806 2609 912 2681; x_wconf 89' lang='lat' dir='ltr'><strong>dorso</strong></span> <span class='ocrx_word' id='word_1_111' title='bbox 933 2610 1026 2681; x_wconf 78' lang='lat' dir='ltr'><strong>retro</strong></span> <span class='ocrx_word' id='word_1_112' title='bbox 1048 2611 1086 2683; x_wconf 72' lang='grc' dir='ltr'><strong>δι</strong></span> <span class='ocrx_word' id='word_1_113' title='bbox 1110 2609 1235 2705; x_wconf 90' lang='lat' dir='ltr'><strong>plano,</strong></span> <span class='ocrx_word' id='word_1_114' title='bbox 1250 2608 1406 2682; x_wconf 86' lang='lat' dir='ltr'><strong>cruribus</strong></span> <span class='ocrx_word' id='word_1_115' title='bbox 1430 2609 1513 2682; x_wconf 92' lang='lat' dir='ltr'><strong>soli·</strong></span> <span class='ocrx_word' id='word_1_116' title='bbox 1544 2689 1551 2704; x_wconf 27' lang='grc' dir='ltr'>ι</span> 
     </span>
     <span class='ocr_line' id='line_1_17' title="bbox 544 2714 1513 2816; baseline 0.004 -28"><span class='ocrx_word' id='word_1_117' title='bbox 544 2714 616 2803; x_wconf 87' lang='lat' dir='ltr'><strong>dis,</strong></span> <span class='ocrx_word' id='word_1_118' title='bbox 634 2717 788 2790; x_wconf 85' lang='lat' dir='ltr'><strong>nervofis</strong></span> <span class='ocrx_word' id='word_1_119' title='bbox 801 2719 849 2792; x_wconf 71' lang='lat' dir='ltr'><strong>vdc</strong></span> <span class='ocrx_word' id='word_1_120' title='bbox 867 2716 1053 2807; x_wconf 82' lang='lat' dir='ltr'><strong>brevibus,</strong></span> <span class='ocrx_word' id='word_1_121' title='bbox 1071 2717 1214 2816; x_wconf 86' lang='lat' dir='ltr'><strong>ungulis¹</strong></span> <span class='ocrx_word' id='word_1_122' title='bbox 1230 2719 1379 2816; x_wconf 88' lang='lat' dir='ltr'><strong>maguis,</strong></span> <span class='ocrx_word' id='word_1_123' title='bbox 1398 2718 1513 2792; x_wconf 91' lang='lat' dir='ltr'><strong>caudis</strong></span> 
     </span>
     <span class='ocr_line' id='line_1_18' title="bbox 543 2822 1514 2925; baseline 0.007 -31"><span class='ocrx_word' id='word_1_124' title='bbox 543 2822 656 2924; x_wconf 87' lang='lat' dir='ltr'><strong>longis</strong></span> <span class='ocrx_word' id='word_1_125' title='bbox 670 2853 711 2901; x_wconf 90' lang='lat' dir='ltr'><strong>ac</strong></span> <span class='ocrx_word' id='word_1_126' title='bbox 730 2828 845 2901; x_wconf 76' lang='lat' dir='ltr'><strong>setosis</strong></span> <span class='ocrx_word' id='word_1_127' title='bbox 856 2826 872 2916; x_wconf 71' lang='lat'><strong>‚⁶</strong></span> <span class='ocrx_word' id='word_1_128' title='bbox 882 2828 955 2924; x_wconf 91' lang='lat' dir='ltr'><strong>pilo</strong></span> <span class='ocrx_word' id='word_1_129' title='bbox 972 2827 1078 2902; x_wconf 90' lang='lat' dir='ltr'><strong>totius</strong></span> <span class='ocrx_word' id='word_1_130' title='bbox 1095 2828 1255 2925; x_wconf 91' lang='lat' dir='ltr'><strong>corporis</strong></span> <span class='ocrx_word' id='word_1_131' title='bbox 1269 2826 1373 2901; x_wconf 86' lang='lat' dir='ltr'><strong>denso</strong></span> <span class='ocrx_word' id='word_1_132' title='bbox 1387 2853 1426 2900; x_wconf 89' lang='lat' dir='ltr'><strong>ac</strong></span> <span class='ocrx_word' id='word_1_133' title='bbox 1439 2829 1514 2901; x_wconf 91' lang='lat' dir='ltr'><strong>bre-</strong></span> 
     </span>
    </p>
   </div>
   <div class='ocr_carea' id='block_1_5' title="bbox 336 2931 1512 3022">
    <p class='ocr_par' dir='ltr' id='par_1_5' title="bbox 336 2931 1512 3022">
     <span class='ocr_line' id='line_1_19' title="bbox 336 2931 1512 3022; baseline 0.007 -20"><span class='ocrx_word' id='word_1_134' title='bbox 336 2965 342 2974; x_wconf 94' lang='lat'>·</span> <span class='ocrx_word' id='word_1_135' title='bbox 447 2971 450 2978; x_wconf 92' lang='lat'>·</span> <span class='ocrx_word' id='word_1_136' title='bbox 543 2931 609 3022; x_wconf 90' lang='lat' dir='ltr'><strong>vi,</strong></span> <span class='ocrx_word' id='word_1_137' title='bbox 627 2935 723 3008; x_wconf 89' lang='lat' dir='ltr'><strong>rubei</strong></span> <span class='ocrx_word' id='word_1_138' title='bbox 741 2938 889 3008; x_wconf 85' lang='lat' dir='ltr'><strong>maxime</strong></span> <span class='ocrx_word' id='word_1_139' title='bbox 911 2936 1040 3009; x_wconf 89' lang='lat' dir='ltr'><strong>coloris</strong></span> <span class='ocrx_word' id='word_1_140' title='bbox 1066 2953 1122 3009; x_wconf 90' lang='lat' dir='ltr'><strong>aut</strong></span> <span class='ocrx_word' id='word_1_141' title='bbox 1146 2936 1242 3011; x_wconf 85' lang='lat' dir='ltr'><strong>fusci.</strong></span> <span class='ocrx_word' id='word_1_142' title='bbox 1259 2938 1382 3011; x_wconf 91' lang='lat' dir='ltr'><strong>Melius</strong></span> <span class='ocrx_word' id='word_1_143' title='bbox 1401 2956 1512 3010; x_wconf 90' lang='lat' dir='ltr'><strong>autem</strong></span> 
     </span>
    </p>
   </div>
   <div class='ocr_carea' id='block_1_6' title="bbox 544 3041 1513 3244">
    <p class='ocr_par' dir='ltr' id='par_1_6' title="bbox 544 3041 1513 3244">
     <span class='ocr_line' id='line_1_20' title="bbox 544 3041 1513 3145; baseline 0.007 -32"><span class='ocrx_word' id='word_1_144' title='bbox 544 3041 656 3115; x_wconf 90' lang='lat' dir='ltr'><strong>boves</strong></span> <span class='ocrx_word' id='word_1_145' title='bbox 681 3044 723 3115; x_wconf 88' lang='lat' dir='ltr'><strong>de</strong></span> <span class='ocrx_word' id='word_1_146' title='bbox 749 3045 874 3119; x_wconf 91' lang='lat' dir='ltr'><strong>vicinis</strong></span> <span class='ocrx_word' id='word_1_147' title='bbox 900 3045 987 3119; x_wconf 89' lang='lat' dir='ltr'><strong>locis</strong></span> <span class='ocrx_word' id='word_1_148' title='bbox 1014 3048 1310 3144; x_wconf 83' lang='lat' dir='ltr'>comparabimus,</span> <span class='ocrx_word' id='word_1_149' title='bbox 1335 3050 1392 3145; x_wconf 93' lang='lat' dir='ltr'><strong>qui</strong></span> <span class='ocrx_word' id='word_1_150' title='bbox 1421 3050 1513 3120; x_wconf 90' lang='lat' dir='ltr'><strong>nulla</strong></span> 
     </span>
     <span class='ocr_line' id='line_1_21' title="bbox 545 3147 1511 3244; baseline 0.005 -26"><span class='ocrx_word' id='word_1_151' title='bbox 545 3147 610 3219; x_wconf 87' lang='lat' dir='ltr'><strong>soli</strong></span> <span class='ocrx_word' id='word_1_152' title='bbox 626 3167 683 3220; x_wconf 91' lang='lat' dir='ltr'><strong>aut</strong></span> <span class='ocrx_word' id='word_1_153' title='bbox 705 3150 790 3223; x_wconf 89' lang='lat' dir='ltr'><strong>aeris</strong></span> <span class='ocrx_word' id='word_1_154' title='bbox 804 3151 963 3225; x_wconf 83' lang='lat' dir='ltr'><strong>varietate</strong></span> <span class='ocrx_word' id='word_1_155' title='bbox 981 3172 1163 3227; x_wconf 84' lang='lat' dir='ltr'><strong>tententur.</strong></span> <span class='ocrx_word' id='word_1_156' title='bbox 1186 3172 1243 3226; x_wconf 90' lang='lat' dir='ltr'><strong>aut</strong></span> <span class='ocrx_word' id='word_1_157' title='bbox 1264 3153 1288 3224; x_wconf 87' lang='lat' dir='ltr'><strong>s1</strong></span> <span class='ocrx_word' id='word_1_158' title='bbox 1307 3148 1375 3226; x_wconf 86' lang='lat' dir='ltr'><strong>hoc</strong></span> <span class='ocrx_word' id='word_1_159' title='bbox 1400 3154 1511 3244; x_wconf 82' lang='lat' dir='ltr'><strong>deest,</strong></span> 
     </span>
    </p>
   </div>
   <div class='ocr_carea' id='block_1_7' title="bbox 435 3258 1512 3343">
    <p class='ocr_par' dir='ltr' id='par_1_7' title="bbox 435 3258 1512 3343">
     <span class='ocr_line' id='line_1_22' title="bbox 435 3258 1512 3343; baseline 0.004 -12"><span class='ocrx_word' id='word_1_160' title='bbox 435 3270 438 3277; x_wconf 82' lang='grc'><strong>“</strong></span> <span class='ocrx_word' id='word_1_161' title='bbox 544 3259 588 3343; x_wconf 86' lang='lat' dir='ltr'><strong>de</strong></span> <span class='ocrx_word' id='word_1_162' title='bbox 608 3258 694 3334; x_wconf 89' lang='lat' dir='ltr'><strong>locis</strong></span> <span class='ocrx_word' id='word_1_163' title='bbox 706 3260 867 3336; x_wconf 87' lang='lat' dir='ltr'><strong>fimilibus</strong></span> <span class='ocrx_word' id='word_1_164' title='bbox 881 3265 923 3343; x_wconf 91' lang='lat' dir='ltr'><strong>ad</strong></span> <span class='ocrx_word' id='word_1_165' title='bbox 941 3264 1057 3337; x_wconf 88' lang='lat' dir='ltr'><strong>srmilia</strong></span> <span class='ocrx_word' id='word_1_166' title='bbox 1070 3263 1318 3339; x_wconf 75' lang='lat' dir='ltr'><strong>transferamus.</strong></span> <span class='ocrx_word' id='word_1_167' title='bbox 1336 3262 1421 3332; x_wconf 92' lang='lat' dir='ltr'><strong>lllud</strong></span> <span class='ocrx_word' id='word_1_168' title='bbox 1435 3282 1512 3335; x_wconf 85' lang='lat' dir='ltr'><strong>aute</strong></span> 
     </span>
    </p>
   </div>
   <div class='ocr_carea' id='block_1_8' title="bbox 544 3369 1515 3685">
    <p class='ocr_par' dir='ltr' id='par_1_8' title="bbox 544 3369 1515 3685">
     <span class='ocr_line' id='line_1_23' title="bbox 544 3369 1513 3464; baseline 0.002 -22"><span class='ocrx_word' id='word_1_169' title='bbox 544 3369 706 3445; x_wconf 87' lang='lat' dir='ltr'><strong>universa</strong></span> <span class='ocrx_word' id='word_1_170' title='bbox 728 3376 917 3448; x_wconf 88' lang='lat' dir='ltr'><strong>curandum</strong></span> <span class='ocrx_word' id='word_1_171' title='bbox 938 3376 1008 3464; x_wconf 81' lang='lat' dir='ltr'><strong>ert,</strong></span> <span class='ocrx_word' id='word_1_172' title='bbox 1033 3397 1070 3450; x_wconf 87' lang='lat' dir='ltr'><strong>ut</strong></span> <span class='ocrx_word' id='word_1_173' title='bbox 1095 3376 1226 3449; x_wconf 86' lang='lat' dir='ltr'><strong>viribus</strong></span> <span class='ocrx_word' id='word_1_174' title='bbox 1247 3373 1290 3445; x_wconf 92' lang='lat' dir='ltr'><strong>ad</strong></span> <span class='ocrx_word' id='word_1_175' title='bbox 1311 3372 1513 3444; x_wconf 87' lang='lat' dir='ltr'><strong>trahendum</strong></span> 
     </span>
     <span class='ocr_line' id='line_1_24' title="bbox 544 3483 1513 3583; baseline 0.002 -28"><span class='ocrx_word' id='word_1_176' title='bbox 544 3502 785 3577; x_wconf 84' lang='lat' dir='ltr'><strong>comparentur</strong></span> <span class='ocrx_word' id='word_1_177' title='bbox 804 3487 973 3583; x_wconf 83' lang='lat' dir='ltr'><strong>aequales,</strong></span> <span class='ocrx_word' id='word_1_178' title='bbox 994 3512 1038 3559; x_wconf 89' lang='lat' dir='ltr'><strong>ne</strong></span> <span class='ocrx_word' id='word_1_179' title='bbox 1062 3483 1260 3560; x_wconf 83' lang='lat' dir='ltr'><strong>valentioris</strong></span> <span class='ocrx_word' id='word_1_180' title='bbox 1287 3483 1392 3555; x_wconf 87' lang='lat' dir='ltr'><strong>robur</strong></span> <span class='ocrx_word' id='word_1_181' title='bbox 1416 3484 1513 3557; x_wconf 90' lang='lat' dir='ltr'><strong>alteri</strong></span> 
     </span>
     <span class='ocr_line' id='line_1_25' title="bbox 545 3593 1515 3685; baseline 0.007 -23"><span class='ocrx_word' id='word_1_182' title='bbox 545 3608 710 3685; x_wconf 89' lang='lat' dir='ltr'><strong>procuret</strong></span> <span class='ocrx_word' id='word_1_183' title='bbox 739 3594 898 3670; x_wconf 78' lang='lat' dir='ltr'><strong>exitium·</strong></span> <span class='ocrx_word' id='word_1_184' title='bbox 918 3600 955 3669; x_wconf 93' lang='lat' dir='ltr'><strong>ln</strong></span> <span class='ocrx_word' id='word_1_185' title='bbox 981 3596 1136 3670; x_wconf 86' lang='lat' dir='ltr'><strong>moribus</strong></span> <span class='ocrx_word' id='word_1_186' title='bbox 1167 3595 1240 3667; x_wconf 75' lang='lat' dir='ltr'><strong>hac</strong></span> <span class='ocrx_word' id='word_1_187' title='bbox 1270 3593 1515 3670; x_wconf 80' lang='lat' dir='ltr'><strong>confideranda</strong></span> 
     </span>
    </p>
   </div>
   <div class='ocr_carea' id='block_1_9' title="bbox 419 3696 1517 3801">
    <p class='ocr_par' dir='ltr' id='par_1_9' title="bbox 419 3696 1517 3801">
     <span class='ocr_line' id='line_1_26' title="bbox 419 3696 1517 3801; baseline 0.005 -32"><span class='ocrx_word' id='word_1_188' title='bbox 419 3747 422 3762; x_wconf 47' lang='grc' dir='ltr'>ι</span> <span class='ocrx_word' id='word_1_189' title='bbox 545 3699 641 3773; x_wconf 73' lang='lat' dir='ltr'><strong>sumt</strong></span> <span class='ocrx_word' id='word_1_190' title='bbox 659 3699 733 3775; x_wconf 86' lang='lat' dir='ltr'><strong>Sint</strong></span> <span class='ocrx_word' id='word_1_191' title='bbox 744 3696 868 3801; x_wconf 85' lang='lat' dir='ltr'><strong>arguti,</strong></span> <span class='ocrx_word' id='word_1_192' title='bbox 885 3706 1066 3796; x_wconf 87' lang='lat' dir='ltr'><strong>mansueti,</strong></span> <span class='ocrx_word' id='word_1_193' title='bbox 1077 3704 1233 3777; x_wconf 87' lang='lat' dir='ltr'><strong>timentes</strong></span> <span class='ocrx_word' id='word_1_194' title='bbox 1253 3704 1432 3777; x_wconf 88' lang='lat' dir='ltr'><strong>hortamen</strong></span> <span class='ocrx_word' id='word_1_195' title='bbox 1448 3704 1517 3777; x_wconf 87' lang='lat' dir='ltr'><strong>cla·</strong></span> 
     </span>
    </p>
   </div>
   <div class='ocr_carea' id='block_1_10' title="bbox 545 3809 1516 3912">
    <p class='ocr_par' dir='ltr' id='par_1_10' title="bbox 545 3809 1516 3912">
     <span class='ocr_line' id='line_1_27' title="bbox 545 3809 1516 3912; baseline 0.003 -30"><span class='ocrx_word' id='word_1_196' title='bbox 545 3809 653 3883; x_wconf 89' lang='lat' dir='ltr'><strong>moris</strong></span> <span class='ocrx_word' id='word_1_197' title='bbox 672 3836 712 3886; x_wconf 91' lang='lat' dir='ltr'><strong>ac</strong></span> <span class='ocrx_word' id='word_1_198' title='bbox 732 3814 910 3907; x_wconf 87' lang='lat' dir='ltr'><strong>verberis,</strong></span> <span class='ocrx_word' id='word_1_199' title='bbox 929 3817 998 3890; x_wconf 91' lang='lat' dir='ltr'><strong>cibi</strong></span> <span class='ocrx_word' id='word_1_200' title='bbox 1011 3830 1217 3912; x_wconf 85' lang='lat' dir='ltr'><strong>appetentes.</strong></span> <span class='ocrx_word' id='word_1_201' title='bbox 1238 3816 1303 3887; x_wconf 88' lang='lat' dir='ltr'><strong>Sed</strong></span> <span class='ocrx_word' id='word_1_202' title='bbox 1322 3814 1346 3885; x_wconf 83' lang='lat' dir='ltr'><strong>sl</strong></span> <span class='ocrx_word' id='word_1_203' title='bbox 1366 3810 1516 3911; x_wconf 83' lang='lat' dir='ltr'><strong>regionis</strong></span> 
     </span>
    </p>
   </div>
   <div class='ocr_carea' id='block_1_11' title="bbox 545 3919 1517 4461">
    <p class='ocr_par' dir='ltr' id='par_1_11' title="bbox 545 3919 1517 4461">
     <span class='ocr_line' id='line_1_28' title="bbox 545 3919 1515 4021; baseline 0.002 -31"><span class='ocrx_word' id='word_1_204' title='bbox 545 3919 635 3991; x_wconf 86' lang='lat' dir='ltr'><strong>ratio</strong></span> <span class='ocrx_word' id='word_1_205' title='bbox 647 3920 799 4015; x_wconf 88' lang='lat' dir='ltr'><strong>patitur,</strong></span> <span class='ocrx_word' id='word_1_206' title='bbox 815 3925 928 3998; x_wconf 92' lang='lat' dir='ltr'><strong>nullus</strong></span> <span class='ocrx_word' id='word_1_207' title='bbox 948 3926 1069 3998; x_wconf 85' lang='lat' dir='ltr'><strong>melior</strong></span> <span class='ocrx_word' id='word_1_208' title='bbox 1090 3922 1186 3998; x_wconf 89' lang='lat' dir='ltr'><strong>cibus</strong></span> <span class='ocrx_word' id='word_1_209' title='bbox 1206 3922 1387 4021; x_wconf 89' lang='lat' dir='ltr'><strong>est,quam</strong></span> <span class='ocrx_word' id='word_1_210' title='bbox 1403 3920 1515 3993; x_wconf 90' lang='lat' dir='ltr'><strong>viride</strong></span> 
     </span>
     <span class='ocr_line' id='line_1_29' title="bbox 546 4026 1517 4122; baseline -0.004 -23"><span class='ocrx_word' id='word_1_211' title='bbox 546 4026 724 4122; x_wconf 87' lang='lat' dir='ltr'><strong>pabulum.</strong></span> <span class='ocrx_word' id='word_1_212' title='bbox 748 4029 808 4102; x_wconf 90' lang='lat' dir='ltr'><strong>ubi</strong></span> <span class='ocrx_word' id='word_1_213' title='bbox 832 4057 920 4107; x_wconf 85' lang='lat' dir='ltr'><strong>vero</strong></span> <span class='ocrx_word' id='word_1_214' title='bbox 940 4031 1054 4120; x_wconf 90' lang='lat' dir='ltr'><strong>deest,</strong></span> <span class='ocrx_word' id='word_1_215' title='bbox 1079 4054 1124 4104; x_wconf 88' lang='lat' dir='ltr'><strong>eo</strong></span> <span class='ocrx_word' id='word_1_216' title='bbox 1142 4030 1264 4104; x_wconf 87' lang='lat' dir='ltr'><strong>ordine</strong></span> <span class='ocrx_word' id='word_1_217' title='bbox 1284 4027 1517 4120; x_wconf 88' lang='lat' dir='ltr'><strong>ministretur,</strong></span> 
     </span>
     <span class='ocr_line' id='line_1_30' title="bbox 549 4137 1517 4241; baseline -0.004 -26"><span class='ocrx_word' id='word_1_218' title='bbox 549 4159 623 4232; x_wconf 88' lang='lat' dir='ltr'><strong>quo</strong></span> <span class='ocrx_word' id='word_1_219' title='bbox 643 4137 756 4233; x_wconf 91' lang='lat' dir='ltr'><strong>pabuli</strong></span> <span class='ocrx_word' id='word_1_220' title='bbox 773 4140 892 4237; x_wconf 90' lang='lat' dir='ltr'><strong>copia,</strong></span> <span class='ocrx_word' id='word_1_221' title='bbox 905 4142 1114 4218; x_wconf 89' lang='lat' dir='ltr'><strong>&amp;laborum</strong></span> <span class='ocrx_word' id='word_1_222' title='bbox 1126 4161 1229 4241; x_wconf 89' lang='lat' dir='ltr'><strong>coget</strong></span> <span class='ocrx_word' id='word_1_223' title='bbox 1246 4137 1399 4214; x_wconf 87' lang='lat' dir='ltr'><strong>acceffio.</strong></span> <span class='ocrx_word' id='word_1_224' title='bbox 1412 4139 1517 4211; x_wconf 88' lang='lat' dir='ltr'><strong>Nunc</strong></span> 
     </span>
     <span class='ocr_line' id='line_1_31' title="bbox 547 4244 1517 4349; baseline 0.003 -37"><span class='ocrx_word' id='word_1_225' title='bbox 547 4258 663 4317; x_wconf 83' lang='lat' dir='ltr'><strong>tauros</strong></span> <span class='ocrx_word' id='word_1_226' title='bbox 678 4272 819 4348; x_wconf 92' lang='lat' dir='ltr'><strong>quoque</strong></span> <span class='ocrx_word' id='word_1_227' title='bbox 838 4249 988 4349; x_wconf 90' lang='lat' dir='ltr'><strong>(quibus</strong></span> <span class='ocrx_word' id='word_1_228' title='bbox 1001 4250 1099 4326; x_wconf 88' lang='lat' dir='ltr'><strong>cordi</strong></span> <span class='ocrx_word' id='word_1_229' title='bbox 1111 4250 1157 4324; x_wconf 89' lang='lat' dir='ltr'><strong>est</strong></span> <span class='ocrx_word' id='word_1_230' title='bbox 1171 4267 1321 4324; x_wconf 87' lang='lat' dir='ltr'><strong>armenta</strong></span> <span class='ocrx_word' id='word_1_231' title='bbox 1339 4244 1517 4320; x_wconf 90' lang='lat' dir='ltr'><strong>construe·</strong></span> 
     </span>
     <span class='ocr_line' id='line_1_32' title="bbox 546 4349 1516 4461; baseline -0.008 -28"><span class='ocrx_word' id='word_1_232' title='bbox 546 4349 611 4451; x_wconf 73' lang='lat' dir='ltr'><strong>re)</strong></span> <span class='ocrx_word' id='word_1_233' title='bbox 634 4357 868 4458; x_wconf 85' lang='lat' dir='ltr'><strong>comparabit,</strong></span> <span class='ocrx_word' id='word_1_234' title='bbox 882 4376 943 4434; x_wconf 89' lang='lat' dir='ltr'><strong>aut</strong></span> <span class='ocrx_word' id='word_1_235' title='bbox 963 4358 1017 4436; x_wconf 84' lang='lat' dir='ltr'><strong>his</strong></span> <span class='ocrx_word' id='word_1_236' title='bbox 1032 4359 1164 4461; x_wconf 84' lang='lat' dir='ltr'><strong>lignisa</strong></span> <span class='ocrx_word' id='word_1_237' title='bbox 1181 4378 1297 4441; x_wconf 83' lang='lat' dir='ltr'><strong>tenera</strong></span> <span class='ocrx_word' id='word_1_238' title='bbox 1310 4373 1407 4433; x_wconf 82' lang='lat' dir='ltr'><strong>aetate</strong></span> <span class='ocrx_word' id='word_1_239' title='bbox 1432 4352 1516 4439; x_wconf 79' lang='lat' dir='ltr'><strong>sub·¹</strong></span> 
     </span>
    </p>
   </div>
   <div class='ocr_carea' id='block_1_12' title="bbox 0 0 1954 5759">
    <p class='ocr_par' dir='ltr' id='par_1_12' title="bbox 0 0 1954 5759">
     <span class='ocr_line' id='line_1_33' title="bbox 0 0 1954 5759; baseline 0 0"><span class='ocrx_word' id='word_1_240' title='bbox 0 0 1954 5759; x_wconf 95' lang='lat' dir='ltr'><strong> </strong></span> 
     </span>
    </p>
   </div>
  </div>
 </body>
</html>
