<?xml version="1.0" encoding="UTF-8"?>
<!DOCTYPE html PUBLIC "-//W3C//DTD XHTML 1.0 Transitional//EN"
    "http://www.w3.org/TR/xhtml1/DTD/xhtml1-transitional.dtd">
<html xmlns="http://www.w3.org/1999/xhtml" xml:lang="en" lang="en">
 <head>
  <title>
</title>
<meta http-equiv="Content-Type" content="text/html;charset=utf-8" />
  <meta name='ocr-system' content='tesseract 3.04.00' />
  <meta name='ocr-capabilities' content='ocr_page ocr_carea ocr_par ocr_line ocrx_word'/>
</head>
<body>
  <div class='ocr_page' id='page_1' title='image "./scriptoresreiru00gesngoog_0338.png"; bbox 0 0 3875 5759; ppageno 0'>
   <div class='ocr_carea' id='block_1_1' title="bbox 552 881 1449 1015">
    <p class='ocr_par' dir='ltr' id='par_1_1' title="bbox 552 881 1449 1015">
     <span class='ocr_line' id='line_1_1' title="bbox 552 881 1449 1015; baseline -0.006 -21"><span class='ocrx_word' id='word_1_1' title='bbox 552 923 622 1015; x_wconf 73' lang='lat'>336</span> <span class='ocrx_word' id='word_1_2' title='bbox 731 881 1449 992; x_wconf 49' lang='lat' dir='ltr'>venerit-ciuus</span> 
     </span>
    </p>
   </div>
   <div class='ocr_carea' id='block_1_2' title="bbox 494 1069 1613 4443">
    <p class='ocr_par' dir='ltr' id='par_1_2' title="bbox 552 1069 1613 1392">
     <span class='ocr_line' id='line_1_2' title="bbox 552 1069 1613 1176; baseline -0.007 -23"><span class='ocrx_word' id='word_1_3' title='bbox 552 1080 645 1176; x_wconf 90' lang='lat' dir='ltr'>spina</span> <span class='ocrx_word' id='word_1_4' title='bbox 668 1076 836 1152; x_wconf 85' lang='lat' dir='ltr'>deteritur.</span> <span class='ocrx_word' id='word_1_5' title='bbox 860 1074 1011 1171; x_wconf 82' lang='lat' dir='ltr'>Ipsorum</span> <span class='ocrx_word' id='word_1_6' title='bbox 1034 1095 1174 1171; x_wconf 83' lang='lat' dir='ltr'>quoque</span> <span class='ocrx_word' id='word_1_7' title='bbox 1195 1069 1507 1172; x_wconf 84' lang='lat' dir='ltr'>pondere,etiams1</span> <span class='ocrx_word' id='word_1_8' title='bbox 1611 1129 1613 1136; x_wconf 84' lang='lat'><em>.</em></span> 
     </span>
     <span class='ocr_line' id='line_1_3' title="bbox 552 1184 1610 1284; baseline -0.003 -23"><span class='ocrx_word' id='word_1_9' title='bbox 552 1188 588 1261; x_wconf 89' lang='lat' dir='ltr'>in</span> <span class='ocrx_word' id='word_1_10' title='bbox 610 1185 824 1284; x_wconf 84' lang='lat' dir='ltr'>stratisunlla</span> <span class='ocrx_word' id='word_1_11' title='bbox 842 1184 881 1255; x_wconf 85' lang='lat' dir='ltr'>sn</span> <span class='ocrx_word' id='word_1_12' title='bbox 899 1184 1020 1278; x_wconf 83' lang='lat' dir='ltr'>culpa,</span> <span class='ocrx_word' id='word_1_13' title='bbox 1037 1185 1220 1257; x_wconf 84' lang='lat' dir='ltr'>enormitas</span> <span class='ocrx_word' id='word_1_14' title='bbox 1234 1204 1335 1257; x_wconf 86' lang='lat' dir='ltr'>nocet</span> <span class='ocrx_word' id='word_1_15' title='bbox 1348 1239 1359 1273; x_wconf 97' lang='lat'>,</span> <span class='ocrx_word' id='word_1_16' title='bbox 1371 1188 1408 1259; x_wconf 77' lang='grc' dir='ltr'>δι</span> <span class='ocrx_word' id='word_1_17' title='bbox 1428 1184 1510 1258; x_wconf 90' lang='lat' dir='ltr'>idco</span> <span class='ocrx_word' id='word_1_18' title='bbox 1604 1275 1610 1284; x_wconf 39' lang='grc' dir='ltr'>Ι</span> 
     </span>
     <span class='ocr_line' id='line_1_4' title="bbox 553 1286 1375 1392; baseline -0.004 -22"><span class='ocrx_word' id='word_1_19' title='bbox 553 1294 765 1392; x_wconf 85' lang='lat' dir='ltr'>temperanda</span> <span class='ocrx_word' id='word_1_20' title='bbox 780 1290 826 1361; x_wconf 81' lang='lat' dir='ltr'>ell</span> <span class='ocrx_word' id='word_1_21' title='bbox 845 1286 1021 1378; x_wconf 82' lang='lat' dir='ltr'>mensura,</span> <span class='ocrx_word' id='word_1_22' title='bbox 1041 1316 1083 1362; x_wconf 91' lang='lat' dir='ltr'>ne</span> <span class='ocrx_word' id='word_1_23' title='bbox 1101 1289 1222 1364; x_wconf 88' lang='lat' dir='ltr'>inferat</span> <span class='ocrx_word' id='word_1_24' title='bbox 1242 1292 1375 1367; x_wconf 84' lang='lat' dir='ltr'>vulnus.</span> 
     </span>
    </p>

    <p class='ocr_par' dir='ltr' id='par_1_3' title="bbox 550 1395 1613 2921">
     <span class='ocr_line' id='line_1_5' title="bbox 601 1395 1613 1496; baseline 0.007 -28"><span class='ocrx_word' id='word_1_25' title='bbox 601 1404 673 1475; x_wconf 86' lang='lat' dir='ltr'>LX.</span> <span class='ocrx_word' id='word_1_26' title='bbox 696 1397 802 1491; x_wconf 90' lang='lat' dir='ltr'>Quod</span> <span class='ocrx_word' id='word_1_27' title='bbox 819 1395 995 1492; x_wconf 32' lang='lat' dir='ltr'>st&#39;dorsum</span> <span class='ocrx_word' id='word_1_28' title='bbox 1010 1396 1152 1471; x_wconf 88' lang='lat' dir='ltr'>sedentis</span> <span class='ocrx_word' id='word_1_29' title='bbox 1167 1400 1287 1492; x_wconf 81' lang='lat' dir='ltr'>injuria</span> <span class='ocrx_word' id='word_1_30' title='bbox 1302 1405 1430 1474; x_wconf 88' lang='lat' dir='ltr'>tumere</span> <span class='ocrx_word' id='word_1_31' title='bbox 1441 1402 1507 1496; x_wconf 86' lang='lat' dir='ltr'>jam</span> <span class='ocrx_word' id='word_1_32' title='bbox 1574 1487 1578 1494; x_wconf 94' lang='lat'><em>.</em></span> <span class='ocrx_word' id='word_1_33' title='bbox 1607 1395 1613 1426; x_wconf 78' lang='lat'>&#39;&#39;</span> 
     </span>
     <span class='ocr_line' id='line_1_6' title="bbox 553 1506 1509 1609; baseline -0.001 -26"><span class='ocrx_word' id='word_1_34' title='bbox 553 1508 721 1607; x_wconf 87' lang='lat' dir='ltr'>coeperit,</span> <span class='ocrx_word' id='word_1_35' title='bbox 741 1506 777 1578; x_wconf 92' lang='lat' dir='ltr'>in</span> <span class='ocrx_word' id='word_1_36' title='bbox 799 1506 926 1580; x_wconf 87' lang='lat' dir='ltr'>recenti</span> <span class='ocrx_word' id='word_1_37' title='bbox 941 1506 1048 1579; x_wconf 81' lang='lat' dir='ltr'>statim</span> <span class='ocrx_word' id='word_1_38' title='bbox 1068 1510 1249 1583; x_wconf 88' lang='lat' dir='ltr'>mallonem</span> <span class='ocrx_word' id='word_1_39' title='bbox 1271 1537 1453 1609; x_wconf 87' lang='lat' dir='ltr'>ceparum,</span> <span class='ocrx_word' id='word_1_40' title='bbox 1470 1510 1509 1583; x_wconf 90' lang='lat' dir='ltr'>id</span> 
     </span>
     <span class='ocr_line' id='line_1_7' title="bbox 552 1616 1583 1716; baseline -0.001 -23"><span class='ocrx_word' id='word_1_41' title='bbox 552 1621 599 1693; x_wconf 85' lang='lat' dir='ltr'>est</span> <span class='ocrx_word' id='word_1_42' title='bbox 613 1673 626 1708; x_wconf 92' lang='lat'>‚</span> <span class='ocrx_word' id='word_1_43' title='bbox 651 1617 798 1691; x_wconf 83' lang='lat' dir='ltr'>calamos</span> <span class='ocrx_word' id='word_1_44' title='bbox 823 1616 956 1704; x_wconf 85' lang='lat' dir='ltr'>ficcos,</span> <span class='ocrx_word' id='word_1_45' title='bbox 980 1617 1068 1688; x_wconf 91' lang='lat' dir='ltr'>unde</span> <span class='ocrx_word' id='word_1_46' title='bbox 1094 1616 1195 1694; x_wconf 85' lang='lat' dir='ltr'>fasces</span> <span class='ocrx_word' id='word_1_47' title='bbox 1230 1623 1443 1716; x_wconf 87' lang='lat' dir='ltr'>dependent,</span> <span class='ocrx_word' id='word_1_48' title='bbox 1470 1621 1509 1692; x_wconf 92' lang='lat' dir='ltr'>in</span> <span class='ocrx_word' id='word_1_49' title='bbox 1580 1643 1583 1648; x_wconf 87' lang='lat'><em>·</em></span> 
     </span>
     <span class='ocr_line' id='line_1_8' title="bbox 550 1724 1561 1826; baseline -0.002 -25"><span class='ocrx_word' id='word_1_50' title='bbox 550 1753 672 1826; x_wconf 85' lang='lat' dir='ltr'>aquam</span> <span class='ocrx_word' id='word_1_51' title='bbox 688 1724 963 1799; x_wconf 78' lang='lat' dir='ltr'>ferventiffimam</span> <span class='ocrx_word' id='word_1_52' title='bbox 978 1724 1102 1813; x_wconf 89' lang='lat' dir='ltr'>mittis,</span> <span class='ocrx_word' id='word_1_53' title='bbox 1118 1729 1156 1799; x_wconf 76' lang='grc' dir='ltr'>δι</span> <span class='ocrx_word' id='word_1_54' title='bbox 1173 1728 1375 1823; x_wconf 80' lang='lat' dir='ltr'>aliquamdiu</span> <span class='ocrx_word' id='word_1_55' title='bbox 1395 1752 1509 1799; x_wconf 87' lang='lat' dir='ltr'>mace·</span> <span class='ocrx_word' id='word_1_56' title='bbox 1551 1741 1561 1802; x_wconf 76' lang='lat' dir='ltr'><em>j</em></span> 
     </span>
     <span class='ocr_line' id='line_1_9' title="bbox 552 1834 1549 1935; baseline -0.007 -24"><span class='ocrx_word' id='word_1_57' title='bbox 552 1859 686 1927; x_wconf 86' lang='lat' dir='ltr'>ratum,</span> <span class='ocrx_word' id='word_1_58' title='bbox 713 1836 857 1935; x_wconf 88' lang='lat' dir='ltr'>calidum</span> <span class='ocrx_word' id='word_1_59' title='bbox 883 1834 982 1931; x_wconf 86' lang='lat' dir='ltr'>super</span> <span class='ocrx_word' id='word_1_60' title='bbox 1009 1838 1378 1933; x_wconf 80' lang='lat' dir='ltr'>tumorem&#39;impones,</span> <span class='ocrx_word' id='word_1_61' title='bbox 1404 1838 1510 1922; x_wconf 88' lang='lat' dir='ltr'>fascia</span> <span class='ocrx_word' id='word_1_62' title='bbox 1546 1899 1549 1904; x_wconf 85' lang='lat'>.</span> 
     </span>
     <span class='ocr_line' id='line_1_10' title="bbox 554 1943 1510 2045; baseline -0.004 -22"><span class='ocrx_word' id='word_1_63' title='bbox 554 1949 776 2045; x_wconf 86' lang='lat' dir='ltr'>constringes,</span> <span class='ocrx_word' id='word_1_64' title='bbox 789 1946 847 2019; x_wconf 90' lang='lat' dir='ltr'>vel</span> <span class='ocrx_word' id='word_1_65' title='bbox 860 1943 1053 2021; x_wconf 86' lang='lat' dir='ltr'>cordiscum</span> <span class='ocrx_word' id='word_1_66' title='bbox 1062 1944 1327 2043; x_wconf 80' lang='lat' dir='ltr'>superimpones,</span> <span class='ocrx_word' id='word_1_67' title='bbox 1341 1972 1407 2020; x_wconf 91' lang='lat' dir='ltr'>una</span> <span class='ocrx_word' id='word_1_68' title='bbox 1417 1972 1510 2045; x_wconf 83' lang='lat' dir='ltr'>quo-</span> 
     </span>
     <span class='ocr_line' id='line_1_11' title="bbox 553 2056 1523 2160; baseline -0.005 -25"><span class='ocrx_word' id='word_1_69' title='bbox 553 2087 620 2160; x_wconf 90' lang='lat' dir='ltr'>que</span> <span class='ocrx_word' id='word_1_70' title='bbox 634 2063 731 2134; x_wconf 78' lang='lat' dir='ltr'>nosle</span> <span class='ocrx_word' id='word_1_71' title='bbox 746 2083 880 2131; x_wconf 86' lang='lat' dir='ltr'>manere</span> <span class='ocrx_word' id='word_1_72' title='bbox 895 2056 1039 2152; x_wconf 87' lang='lat' dir='ltr'>patieris.</span> <span class='ocrx_word' id='word_1_73' title='bbox 1054 2056 1176 2154; x_wconf 87' lang='lat' dir='ltr'>absque</span> <span class='ocrx_word' id='word_1_74' title='bbox 1186 2058 1422 2153; x_wconf 87' lang='lat' dir='ltr'>suppuratione</span> <span class='ocrx_word' id='word_1_75' title='bbox 1435 2058 1523 2154; x_wconf 84' lang='lat' dir='ltr'>pal·-</span> 
     </span>
     <span class='ocr_line' id='line_1_12' title="bbox 553 2162 1513 2262; baseline -0.001 -23"><span class='ocrx_word' id='word_1_76' title='bbox 553 2168 690 2262; x_wconf 84' lang='lat' dir='ltr'>pabitur</span> <span class='ocrx_word' id='word_1_77' title='bbox 711 2186 835 2239; x_wconf 91' lang='lat' dir='ltr'>tumor.</span> <span class='ocrx_word' id='word_1_78' title='bbox 858 2165 964 2256; x_wconf 88' lang='lat' dir='ltr'>Quod</span> <span class='ocrx_word' id='word_1_79' title='bbox 991 2165 1015 2236; x_wconf 80' lang='lat' dir='ltr'>si</span> <span class='ocrx_word' id='word_1_80' title='bbox 1038 2165 1174 2238; x_wconf 84' lang='lat' dir='ltr'>clavum</span> <span class='ocrx_word' id='word_1_81' title='bbox 1196 2162 1340 2254; x_wconf 88' lang='lat' dir='ltr'>fecerit,</span> <span class='ocrx_word' id='word_1_82' title='bbox 1366 2165 1513 2238; x_wconf 86' lang='lat' dir='ltr'>farinam</span> 
     </span>
     <span class='ocr_line' id='line_1_13' title="bbox 553 2273 1605 2371; baseline -0.001 -24"><span class='ocrx_word' id='word_1_83' title='bbox 553 2278 776 2349; x_wconf 82' lang='lat' dir='ltr'>hordeaceam</span> <span class='ocrx_word' id='word_1_84' title='bbox 795 2300 871 2346; x_wconf 91' lang='lat' dir='ltr'>cum</span> <span class='ocrx_word' id='word_1_85' title='bbox 891 2274 983 2345; x_wconf 90' lang='lat' dir='ltr'>soliis</span> <span class='ocrx_word' id='word_1_86' title='bbox 1004 2273 1145 2345; x_wconf 90' lang='lat' dir='ltr'>caulium</span> <span class='ocrx_word' id='word_1_87' title='bbox 1163 2276 1345 2347; x_wconf 89' lang='lat' dir='ltr'>contundis</span> <span class='ocrx_word' id='word_1_88' title='bbox 1364 2275 1513 2371; x_wconf 85' lang='lat' dir='ltr'>pariter,</span> <span class='ocrx_word' id='word_1_89' title='bbox 1601 2349 1605 2356; x_wconf 75' lang='grc'>,</span> 
     </span>
     <span class='ocr_line' id='line_1_14' title="bbox 555 2380 1560 2482; baseline 0.001 -28"><span class='ocrx_word' id='word_1_90' title='bbox 555 2388 594 2478; x_wconf 82' lang='lat'>&amp;</span> <span class='ocrx_word' id='word_1_91' title='bbox 620 2383 766 2477; x_wconf 88' lang='lat' dir='ltr'>tepidam</span> <span class='ocrx_word' id='word_1_92' title='bbox 798 2382 964 2474; x_wconf 83' lang='lat' dir='ltr'>impones.</span> <span class='ocrx_word' id='word_1_93' title='bbox 989 2380 1145 2453; x_wconf 87' lang='lat' dir='ltr'>Cinerem</span> <span class='ocrx_word' id='word_1_94' title='bbox 1167 2407 1304 2482; x_wconf 88' lang='lat' dir='ltr'>quoque</span> <span class='ocrx_word' id='word_1_95' title='bbox 1326 2408 1403 2454; x_wconf 91' lang='lat' dir='ltr'>cum</span> <span class='ocrx_word' id='word_1_96' title='bbox 1429 2382 1515 2456; x_wconf 87' lang='lat' dir='ltr'>oleo</span> <span class='ocrx_word' id='word_1_97' title='bbox 1557 2384 1560 2388; x_wconf 76' lang='grc'><strong>’</strong></span> 
     </span>
     <span class='ocr_line' id='line_1_15' title="bbox 556 2489 1514 2588; baseline 0.001 -22"><span class='ocrx_word' id='word_1_98' title='bbox 556 2491 730 2588; x_wconf 79' lang='lat' dir='ltr'>miscebis,</span> <span class='ocrx_word' id='word_1_99' title='bbox 746 2496 783 2567; x_wconf 89' lang='lat'>&amp;</span> <span class='ocrx_word' id='word_1_100' title='bbox 803 2491 953 2579; x_wconf 87' lang='lat' dir='ltr'>inducis,</span> <span class='ocrx_word' id='word_1_101' title='bbox 970 2492 1130 2588; x_wconf 87' lang='lat' dir='ltr'>quamdiu</span> <span class='ocrx_word' id='word_1_102' title='bbox 1153 2490 1267 2571; x_wconf 84' lang='lat' dir='ltr'>clavus</span> <span class='ocrx_word' id='word_1_103' title='bbox 1288 2489 1405 2567; x_wconf 80' lang='lat' dir='ltr'>cadat:</span> <span class='ocrx_word' id='word_1_104' title='bbox 1432 2515 1514 2567; x_wconf 90' lang='lat' dir='ltr'>cum</span> 
     </span>
     <span class='ocr_line' id='line_1_16' title="bbox 555 2596 1516 2699; baseline -0.003 -21"><span class='ocrx_word' id='word_1_105' title='bbox 555 2603 733 2694; x_wconf 79' lang='lat' dir='ltr'>ceciderit,</span> <span class='ocrx_word' id='word_1_106' title='bbox 746 2603 850 2699; x_wconf 86' lang='lat' dir='ltr'>lipara</span> <span class='ocrx_word' id='word_1_107' title='bbox 861 2622 954 2685; x_wconf 84' lang='lat' dir='ltr'>utere</span> <span class='ocrx_word' id='word_1_108' title='bbox 977 2628 1053 2675; x_wconf 86' lang='lat' dir='ltr'>cum</span> <span class='ocrx_word' id='word_1_109' title='bbox 1067 2596 1287 2673; x_wconf 74' lang='lat' dir='ltr'>minutissimis</span> <span class='ocrx_word' id='word_1_110' title='bbox 1301 2602 1438 2696; x_wconf 84' lang='lat' dir='ltr'>pannis,</span> <span class='ocrx_word' id='word_1_111' title='bbox 1457 2603 1516 2677; x_wconf 87' lang='lat' dir='ltr'>vel</span> 
     </span>
     <span class='ocr_line' id='line_1_17' title="bbox 556 2711 1514 2810; baseline 0 -23"><span class='ocrx_word' id='word_1_112' title='bbox 556 2714 625 2787; x_wconf 90' lang='lat' dir='ltr'>mel</span> <span class='ocrx_word' id='word_1_113' title='bbox 648 2729 726 2787; x_wconf 91' lang='lat' dir='ltr'>cum</span> <span class='ocrx_word' id='word_1_114' title='bbox 754 2713 928 2787; x_wconf 82' lang='lat' dir='ltr'>linteolis:</span> <span class='ocrx_word' id='word_1_115' title='bbox 950 2737 1030 2786; x_wconf 91' lang='lat' dir='ltr'>cum</span> <span class='ocrx_word' id='word_1_116' title='bbox 1055 2711 1150 2785; x_wconf 88' lang='lat' dir='ltr'>ulcus</span> <span class='ocrx_word' id='word_1_117' title='bbox 1167 2711 1389 2808; x_wconf 83' lang='lat' dir='ltr'>purgaverit,</span> <span class='ocrx_word' id='word_1_118' title='bbox 1402 2712 1514 2810; x_wconf 85' lang='lat' dir='ltr'>Lycio</span> 
     </span>
     <span class='ocr_line' id='line_1_18' title="bbox 558 2811 1544 2921; baseline -0.004 -26"><span class='ocrx_word' id='word_1_119' title='bbox 558 2811 762 2921; x_wconf 74' lang='lat' dir='ltr'>pe&#39;rcurabis.</span> <span class='ocrx_word' id='word_1_120' title='bbox 1541 2841 1544 2846; x_wconf 83' lang='lat'>&#39;</span> 
     </span>
    </p>

    <p class='ocr_par' dir='ltr' id='par_1_4' title="bbox 494 2926 1519 4443">
     <span class='ocr_line' id='line_1_19' title="bbox 606 2926 1515 3024; baseline -0.002 -21"><span class='ocrx_word' id='word_1_121' title='bbox 606 2933 694 3010; x_wconf 81' lang='lat' dir='ltr'>LXL</span> <span class='ocrx_word' id='word_1_122' title='bbox 716 2930 749 3001; x_wconf 85' lang='lat' dir='ltr'>Si</span> <span class='ocrx_word' id='word_1_123' title='bbox 768 2931 1007 3024; x_wconf 86' lang='lat' dir='ltr'>pulmunculus</span> <span class='ocrx_word' id='word_1_124' title='bbox 1027 2941 1121 3004; x_wconf 82' lang='lat' dir='ltr'>natus</span> <span class='ocrx_word' id='word_1_125' title='bbox 1136 2926 1236 3003; x_wconf 90' lang='lat' dir='ltr'>fuerit</span> <span class='ocrx_word' id='word_1_126' title='bbox 1255 2926 1290 3001; x_wconf 95' lang='lat' dir='ltr'>in</span> <span class='ocrx_word' id='word_1_127' title='bbox 1312 2929 1433 3019; x_wconf 88' lang='lat' dir='ltr'>dorso,</span> <span class='ocrx_word' id='word_1_128' title='bbox 1450 2928 1515 3001; x_wconf 91' lang='lat' dir='ltr'>dif-</span> 
     </span>
     <span class='ocr_line' id='line_1_20' title="bbox 559 3040 1516 3135; baseline 0 -21"><span class='ocrx_word' id='word_1_129' title='bbox 559 3044 648 3114; x_wconf 78' lang='lat' dir='ltr'>ficile</span> <span class='ocrx_word' id='word_1_130' title='bbox 664 3040 734 3128; x_wconf 84' lang='lat' dir='ltr'>est,</span> <span class='ocrx_word' id='word_1_131' title='bbox 750 3065 827 3111; x_wconf 91' lang='lat' dir='ltr'>eum</span> <span class='ocrx_word' id='word_1_132' title='bbox 846 3041 1170 3113; x_wconf 88' lang='lat' dir='ltr'>medicamentorum</span> <span class='ocrx_word' id='word_1_133' title='bbox 1180 3040 1389 3135; x_wconf 79' lang='lat' dir='ltr'>appositione</span> <span class='ocrx_word' id='word_1_134' title='bbox 1408 3042 1516 3114; x_wconf 90' lang='lat' dir='ltr'>ficca·</span> 
     </span>
     <span class='ocr_line' id='line_1_21' title="bbox 558 3144 1517 3243; baseline 0.002 -24"><span class='ocrx_word' id='word_1_135' title='bbox 558 3148 586 3219; x_wconf 85' lang='lat' dir='ltr'>ri</span> <span class='ocrx_word' id='word_1_136' title='bbox 601 3174 608 3217; x_wconf 90' lang='lat'><strong>:</strong></span> <span class='ocrx_word' id='word_1_137' title='bbox 623 3146 677 3216; x_wconf 93' lang='lat' dir='ltr'>sed</span> <span class='ocrx_word' id='word_1_138' title='bbox 693 3145 717 3216; x_wconf 85' lang='lat' dir='ltr'>st</span> <span class='ocrx_word' id='word_1_139' title='bbox 738 3147 897 3238; x_wconf 89' lang='lat' dir='ltr'>parvulus</span> <span class='ocrx_word' id='word_1_140' title='bbox 916 3144 1016 3215; x_wconf 89' lang='lat' dir='ltr'>fuerit</span> <span class='ocrx_word' id='word_1_141' title='bbox 1029 3198 1039 3232; x_wconf 95' lang='lat'>,</span> <span class='ocrx_word' id='word_1_142' title='bbox 1054 3165 1208 3236; x_wconf 88' lang='lat' dir='ltr'>cautere,</span> <span class='ocrx_word' id='word_1_143' title='bbox 1224 3150 1261 3221; x_wconf 70' lang='grc' dir='ltr'>ὅ(</span> <span class='ocrx_word' id='word_1_144' title='bbox 1273 3147 1439 3243; x_wconf 83' lang='lat' dir='ltr'>praecipue</span> <span class='ocrx_word' id='word_1_145' title='bbox 1453 3174 1517 3221; x_wconf 91' lang='lat' dir='ltr'>cu·</span> 
     </span>
     <span class='ocr_line' id='line_1_22' title="bbox 494 3245 1513 3352; baseline 0.002 -27"><span class='ocrx_word' id='word_1_146' title='bbox 494 3252 497 3258; x_wconf 73' lang='grc'>’</span> <span class='ocrx_word' id='word_1_147' title='bbox 558 3254 660 3352; x_wconf 91' lang='lat' dir='ltr'>prino</span> <span class='ocrx_word' id='word_1_148' title='bbox 681 3250 876 3347; x_wconf 81' lang='lat' dir='ltr'>aperiendus</span> <span class='ocrx_word' id='word_1_149' title='bbox 890 3250 956 3340; x_wconf 87' lang='lat' dir='ltr'>est,</span> <span class='ocrx_word' id='word_1_150' title='bbox 974 3270 1011 3322; x_wconf 91' lang='lat' dir='ltr'>ut</span> <span class='ocrx_word' id='word_1_151' title='bbox 1040 3251 1161 3339; x_wconf 88' lang='lat' dir='ltr'>sanies,</span> <span class='ocrx_word' id='word_1_152' title='bbox 1184 3280 1283 3351; x_wconf 86' lang='lat' dir='ltr'>quam</span> <span class='ocrx_word' id='word_1_153' title='bbox 1307 3245 1487 3352; x_wconf 84' lang='lat' dir='ltr'>collegerat</span> <span class='ocrx_word' id='word_1_154' title='bbox 1499 3310 1513 3344; x_wconf 95' lang='lat'>,</span> 
     </span>
     <span class='ocr_line' id='line_1_23' title="bbox 560 3359 1513 3460; baseline 0.001 -26"><span class='ocrx_word' id='word_1_155' title='bbox 560 3380 735 3460; x_wconf 86' lang='lat' dir='ltr'>egeratur:</span> <span class='ocrx_word' id='word_1_156' title='bbox 755 3380 837 3431; x_wconf 89' lang='lat' dir='ltr'>tuuc</span> <span class='ocrx_word' id='word_1_157' title='bbox 861 3360 1026 3432; x_wconf 88' lang='lat' dir='ltr'>curandus</span> <span class='ocrx_word' id='word_1_158' title='bbox 1048 3359 1119 3458; x_wconf 86' lang='lat' dir='ltr'>est,</span> <span class='ocrx_word' id='word_1_159' title='bbox 1143 3360 1225 3435; x_wconf 83' lang='lat' dir='ltr'>ficut</span> <span class='ocrx_word' id='word_1_160' title='bbox 1245 3364 1349 3435; x_wconf 80' lang='lat' dir='ltr'>mon&#39;s</span> <span class='ocrx_word' id='word_1_161' title='bbox 1373 3364 1417 3434; x_wconf 79' lang='lat' dir='ltr'>est</span> <span class='ocrx_word' id='word_1_162' title='bbox 1439 3364 1513 3435; x_wconf 84' lang='lat' dir='ltr'>usta</span> 
     </span>
     <span class='ocr_line' id='line_1_24' title="bbox 559 3461 1513 3569; baseline -0.001 -23"><span class='ocrx_word' id='word_1_163' title='bbox 559 3472 680 3546; x_wconf 87' lang='lat' dir='ltr'>curari.</span> <span class='ocrx_word' id='word_1_164' title='bbox 693 3469 747 3542; x_wconf 88' lang='lat' dir='ltr'>sed</span> <span class='ocrx_word' id='word_1_165' title='bbox 758 3465 971 3569; x_wconf 84' lang='lat' dir='ltr'>commodius</span> <span class='ocrx_word' id='word_1_166' title='bbox 985 3468 1045 3560; x_wconf 90' lang='lat' dir='ltr'>est,</span> <span class='ocrx_word' id='word_1_167' title='bbox 1057 3461 1311 3567; x_wconf 88' lang='lat' dir='ltr'>pulmunculum</span> <span class='ocrx_word' id='word_1_168' title='bbox 1323 3472 1513 3545; x_wconf 79' lang='lat' dir='ltr'>decussatim</span> 
     </span>
     <span class='ocr_line' id='line_1_25' title="bbox 560 3579 1515 3677; baseline -0.001 -22"><span class='ocrx_word' id='word_1_169' title='bbox 560 3582 653 3655; x_wconf 84' lang='lat' dir='ltr'>ferro</span> <span class='ocrx_word' id='word_1_170' title='bbox 674 3579 836 3653; x_wconf 85' lang='lat' dir='ltr'>secare&amp;</span> <span class='ocrx_word' id='word_1_171' title='bbox 862 3580 1030 3669; x_wconf 78' lang='lat' dir='ltr'>eximere,</span> <span class='ocrx_word' id='word_1_172' title='bbox 1050 3582 1094 3653; x_wconf 84' lang='lat' dir='ltr'>ita</span> <span class='ocrx_word' id='word_1_173' title='bbox 1113 3599 1149 3652; x_wconf 90' lang='lat' dir='ltr'>ut</span> <span class='ocrx_word' id='word_1_174' title='bbox 1173 3582 1292 3677; x_wconf 89' lang='lat' dir='ltr'>pellem</span> <span class='ocrx_word' id='word_1_175' title='bbox 1309 3584 1350 3653; x_wconf 89' lang='lat' dir='ltr'>ad</span> <span class='ocrx_word' id='word_1_176' title='bbox 1371 3583 1515 3655; x_wconf 90' lang='lat' dir='ltr'>modum</span> 
     </span>
     <span class='ocr_line' id='line_1_26' title="bbox 560 3689 1516 3792; baseline -0.002 -27"><span class='ocrx_word' id='word_1_177' title='bbox 560 3692 738 3792; x_wconf 84' lang='lat' dir='ltr'>praecidas,</span> <span class='ocrx_word' id='word_1_178' title='bbox 755 3716 818 3778; x_wconf 90' lang='lat' dir='ltr'>ne,</span> <span class='ocrx_word' id='word_1_179' title='bbox 834 3717 910 3765; x_wconf 86' lang='lat' dir='ltr'>cum</span> <span class='ocrx_word' id='word_1_180' title='bbox 931 3689 1123 3765; x_wconf 87' lang='lat' dir='ltr'>cicatricem</span> <span class='ocrx_word' id='word_1_181' title='bbox 1143 3693 1298 3781; x_wconf 86' lang='lat' dir='ltr'>duxerit,</span> <span class='ocrx_word' id='word_1_182' title='bbox 1322 3691 1516 3785; x_wconf 80' lang='lat' dir='ltr'>inveniatur</span> 
     </span>
     <span class='ocr_line' id='line_1_27' title="bbox 510 3801 1518 3897; baseline -0.004 -20"><span class='ocrx_word' id='word_1_183' title='bbox 510 3847 512 3852; x_wconf 95' lang='lat'>·</span> <span class='ocrx_word' id='word_1_184' title='bbox 560 3801 737 3897; x_wconf 87' lang='lat' dir='ltr'>epidermis</span> <span class='ocrx_word' id='word_1_185' title='bbox 750 3828 760 3874; x_wconf 75' lang='lat' dir='ltr'>t</span> <span class='ocrx_word' id='word_1_186' title='bbox 774 3803 907 3894; x_wconf 87' lang='lat' dir='ltr'>oleum,</span> <span class='ocrx_word' id='word_1_187' title='bbox 923 3823 1076 3891; x_wconf 85' lang='lat' dir='ltr'>acetum,</span> <span class='ocrx_word' id='word_1_188' title='bbox 1092 3805 1128 3875; x_wconf 79' lang='grc' dir='ltr'>δι</span> <span class='ocrx_word' id='word_1_189' title='bbox 1151 3801 1247 3873; x_wconf 81' lang='lat' dir='ltr'>salem</span> <span class='ocrx_word' id='word_1_190' title='bbox 1267 3802 1432 3876; x_wconf 88' lang='lat' dir='ltr'>continuo</span> <span class='ocrx_word' id='word_1_191' title='bbox 1457 3803 1518 3873; x_wconf 73' lang='lat' dir='ltr'>ad-</span> 
     </span>
     <span class='ocr_line' id='line_1_28' title="bbox 560 3908 1516 4007; baseline -0.001 -26"><span class='ocrx_word' id='word_1_192' title='bbox 560 3912 611 3983; x_wconf 89' lang='lat' dir='ltr'>dis</span> <span class='ocrx_word' id='word_1_193' title='bbox 630 3912 662 3979; x_wconf 87' lang='lat' dir='ltr'>iu</span> <span class='ocrx_word' id='word_1_194' title='bbox 678 3910 826 4007; x_wconf 82' lang='lat' dir='ltr'>plagam,</span> <span class='ocrx_word' id='word_1_195' title='bbox 841 3912 899 3996; x_wconf 72' lang='grc' dir='ltr'>δι,</span> <span class='ocrx_word' id='word_1_196' title='bbox 914 3934 956 3979; x_wconf 89' lang='lat' dir='ltr'>ne</span> <span class='ocrx_word' id='word_1_197' title='bbox 970 3908 1090 3981; x_wconf 89' lang='lat' dir='ltr'>nimius</span> <span class='ocrx_word' id='word_1_198' title='bbox 1113 3909 1242 4005; x_wconf 88' lang='lat' dir='ltr'>sanguis</span> <span class='ocrx_word' id='word_1_199' title='bbox 1250 3929 1422 4003; x_wconf 79' lang='lat' dir='ltr'>crumpat,</span> <span class='ocrx_word' id='word_1_200' title='bbox 1435 3910 1516 3980; x_wconf 88' lang='lat' dir='ltr'>ster·</span> 
     </span>
     <span class='ocr_line' id='line_1_29' title="bbox 559 4009 1517 4115; baseline -0.002 -23"><span class='ocrx_word' id='word_1_201' title='bbox 559 4045 617 4093; x_wconf 89' lang='lat' dir='ltr'>cus</span> <span class='ocrx_word' id='word_1_202' title='bbox 629 4019 731 4113; x_wconf 75' lang='lat' dir='ltr'>ipsius</span> <span class='ocrx_word' id='word_1_203' title='bbox 745 4009 875 4090; x_wconf 83' lang='lat' dir='ltr'>vulneri</span> <span class='ocrx_word' id='word_1_204' title='bbox 888 4016 1103 4114; x_wconf 85' lang='lat' dir='ltr'>superponis,</span> <span class='ocrx_word' id='word_1_205' title='bbox 1122 4020 1160 4091; x_wconf 74' lang='grc' dir='ltr'>δι</span> <span class='ocrx_word' id='word_1_206' title='bbox 1173 4018 1361 4115; x_wconf 84' lang='lat' dir='ltr'>colligabis,</span> <span class='ocrx_word' id='word_1_207' title='bbox 1374 4018 1431 4089; x_wconf 65' lang='lat' dir='ltr'>⁴die</span> <span class='ocrx_word' id='word_1_208' title='bbox 1445 4036 1517 4090; x_wconf 89' lang='lat' dir='ltr'>ter·</span> 
     </span>
     <span class='ocr_line' id='line_1_30' title="bbox 559 4125 1519 4223; baseline 0.001 -23"><span class='ocrx_word' id='word_1_209' title='bbox 559 4127 611 4200; x_wconf 92' lang='lat' dir='ltr'>tio</span> <span class='ocrx_word' id='word_1_210' title='bbox 624 4126 717 4199; x_wconf 84' lang='lat' dir='ltr'>¹folia</span> <span class='ocrx_word' id='word_1_211' title='bbox 737 4126 880 4198; x_wconf 88' lang='lat' dir='ltr'>caulium</span> <span class='ocrx_word' id='word_1_212' title='bbox 903 4125 997 4200; x_wconf 86' lang='lat' dir='ltr'>tunsa</span> <span class='ocrx_word' id='word_1_213' title='bbox 1018 4150 1093 4199; x_wconf 90' lang='lat' dir='ltr'>cum</span> <span class='ocrx_word' id='word_1_214' title='bbox 1120 4126 1201 4197; x_wconf 91' lang='lat' dir='ltr'>oleo</span> <span class='ocrx_word' id='word_1_215' title='bbox 1228 4132 1378 4200; x_wconf 88' lang='lat' dir='ltr'>&amp;aceto</span> <span class='ocrx_word' id='word_1_216' title='bbox 1400 4128 1519 4223; x_wconf 52' lang='lat' dir='ltr'>impos</span> 
     </span>
     <span class='ocr_line' id='line_1_31' title="bbox 560 4223 1518 4333; baseline 0.003 -26"><span class='ocrx_word' id='word_1_217' title='bbox 560 4256 685 4312; x_wconf 82' lang='lat' dir='ltr'>muttur</span> <span class='ocrx_word' id='word_1_218' title='bbox 707 4262 766 4333; x_wconf 91' lang='lat' dir='ltr'>per</span> <span class='ocrx_word' id='word_1_219' title='bbox 784 4223 853 4309; x_wconf 88' lang='lat' dir='ltr'>dies</span> <span class='ocrx_word' id='word_1_220' title='bbox 870 4237 1029 4333; x_wconf 90' lang='lat' dir='ltr'>quinque.</span> <span class='ocrx_word' id='word_1_221' title='bbox 1048 4237 1135 4307; x_wconf 88' lang='lat' dir='ltr'>Cum</span> <span class='ocrx_word' id='word_1_222' title='bbox 1155 4235 1221 4329; x_wconf 82' lang='lat' dir='ltr'>jam</span> <span class='ocrx_word' id='word_1_223' title='bbox 1241 4238 1360 4312; x_wconf 85' lang='lat' dir='ltr'>ducere</span> <span class='ocrx_word' id='word_1_224' title='bbox 1377 4236 1518 4324; x_wconf 52' lang='lat' dir='ltr'>cicuriff</span> 
     </span>
     <span class='ocr_line' id='line_1_32' title="bbox 561 4344 1151 4443; baseline 0.005 -27"><span class='ocrx_word' id='word_1_225' title='bbox 561 4368 633 4416; x_wconf 85' lang='lat' dir='ltr'>cem</span> <span class='ocrx_word' id='word_1_226' title='bbox 655 4346 824 4443; x_wconf 81' lang='lat' dir='ltr'>coeperit,</span> <span class='ocrx_word' id='word_1_227' title='bbox 846 4346 958 4443; x_wconf 87' lang='lat' dir='ltr'>Lycio</span> <span class='ocrx_word' id='word_1_228' title='bbox 973 4344 1151 4421; x_wconf 85' lang='lat' dir='ltr'>curabitur.</span> 
     </span>
    </p>
   </div>
   <div class='ocr_carea' id='block_1_3' title="bbox 0 0 1955 5759">
    <p class='ocr_par' dir='ltr' id='par_1_5' title="bbox 0 0 1955 5759">
     <span class='ocr_line' id='line_1_33' title="bbox 0 0 1955 5759; baseline 0 0"><span class='ocrx_word' id='word_1_229' title='bbox 0 0 1955 5759; x_wconf 95' lang='lat' dir='ltr'> </span> 
     </span>
    </p>
   </div>
  </div>
 </body>
</html>
