3875 5759
541 853 544 858 ’
604 876 736 958 Auru
762 871 980 950 varrum.
1006 871 1108 948 swa
1133 871 1319 945 muron.
1365 859 1454 972 '309
1539 967 1543 973 ⁴

486 1034 598 1127 ficiet,
611 1034 689 1133 quia
699 1059 758 1133 per
769 1032 949 1110 interiores
965 1054 1072 1105 venas
1087 1030 1171 1105 meri
1187 1029 1295 1107 virtus
1308 1033 1351 1106 ad
1366 1058 1451 1110 ocu·

486 1147 557 1219 lum
579 1162 739 1237 penetrat.
845 1189 851 1201 ·

535 1256 648 1327 XXll.
668 1258 859 1328 Iumentum
874 1251 909 1324 in
925 1250 1032 1325 oculo
1049 1251 1085 1323 in
1101 1250 1170 1324 offe
1189 1254 1401 1350 perculsum,
1424 1256 1452 1329 st

475 1361 656 1438 ¹tumorem
677 1363 795 1438 secerit
810 1360 953 1450 durum,
967 1359 1126 1434 callosum
1140 1413 1150 1446 ‚
1171 1363 1209 1436 δι
1229 1364 1394 1463 offilagini
1408 1366 1449 1438 si·

485 1472 624 1561 mitem,
643 1473 706 1548 hac
725 1470 858 1546 ratione
878 1470 925 1545 est
938 1469 1135 1545 curandum.
1157 1469 1300 1564 Dejedlo
1314 1472 1452 1547 animali-

486 1602 608 1658 contra
627 1581 759 1657 causam
778 1578 886 1679 insani
898 1599 1009 1659 cutem
1032 1578 1188 1677 aperito,
1205 1583 1242 1655 dr
1260 1583 1339 1657 offis
1361 1583 1449 1658 ciso-

485 1693 541 1767 rio
551 1692 763 1795 gingivulam
775 1747 788 1784 ‚
802 1693 859 1768 vel
873 1692 1127 1791 cartilaginem,
1142 1691 1198 1764 vel
1215 1716 1277 1781 os,
1295 1696 1388 1788 quod
1404 1720 1448 1769 ex

485 1801 519 1874 se
538 1802 731 1880 excrescere
755 1802 924 1899 caeperit,
949 1801 1095 1887 caedito,
1109 1819 1146 1874 ut
1168 1801 1324 1897 deplanes
1345 1806 1385 1877 ad
1405 1804 1447 1877 fi·

482 1911 708 2004 militudinem
735 1912 837 2008 partis
854 1908 1001 1982 alterius.
1027 1908 1060 1980 Si
1081 1925 1158 2003 apte
1183 1910 1450 2007 deplanaveris,

484 2038 581 2093 aceto
600 2020 640 2091 δι
663 2018 745 2089 oleo
772 2012 922 2087 linteolis
942 2011 1001 2085 vel
1025 2012 1145 2088 licinio
1171 2015 1310 2106 addito,
1330 2016 1465 2108 locumv

483 2124 591 2223 ipsum
609 2122 784 2219 comples,
800 2122 840 2195 δι
854 2117 1016 2197 fasciabis.
1030 2117 1127 2200 tertia
1137 2122 1197 2197 die·
1205 2122 1338 2213 solves,
1353 2127 1391 2198 δι
1402 2123 1447 2197 fi·

483 2231 610 2306 militer
639 2228 771 2306 curabis
791 2254 852 2327 per
871 2228 943 2304 dies
972 2252 1015 2329 5,
1036 2230 1148 2316 donec
1169 2231 1287 2312 servor
1307 2232 1446 2309 desmat.
1596 2242 1600 2250 '

482 2342 561 2439 poll
584 2341 787 2417 traumatito
808 2340 923 2416 uteris.
945 2342 1151 2417 Catastolico
1176 2368 1314 2444 quoque
1335 2346 1444 2420 medi·

483 2468 641 2524 camento
659 2442 854 2544 libratorem
873 2450 959 2524 cutis
975 2443 1167 2543 consumis',
1179 2478 1281 2549 quam
1294 2452 1353 2529 diu
1364 2454 1444 2528 lim·

483 2558 599 2655 pidum
620 2559 744 2633 vulnus
756 2577 891 2635 curetur
908 2560 946 2632 δι
960 2558 1161 2655 adaequetur.
1175 2557 1321 2650 Quodsr
1336 2559 1448 2655 ipsunt

483 2690 525 2740 os
547 2666 751 2753 concarnari
763 2691 837 2741 non
857 2665 1035 2761 potnerit,
1055 2682 1125 2736 tarn
1146 2661 1204 2737 diu
1224 2663 1349 2740 cotidie
1368 2689 1446 2741 eta·

438 2760 445 2775 ’
484 2775 612 2868 dicato,
628 2778 740 2849 donec
754 2773 927 2871 sanguinet
939 2793 1039 2871 atque
1050 2792 1256 2864 concamet‚
1266 2774 1314 2848 ita
1326 2792 1363 2848 ut
1376 2801 1446 2850 me·

481 2886 670 2962 dicamenta
692 2882 917 2981 congruentia
939 2882 1075 2958 vulneri
1100 2883 1267 2979 imponas.
1291 2886 1399 2979 Quod
1419 2884 1468 2959 si'
1556 2913 1559 2918 ¹

481 2994 558 3092 post
577 2985 750 3066 sanitatem
769 2992 867 3068 eausa
879 2993 996 3068 eadem
1013 2992 1161 3068 crescere
1175 2994 1341 3092 coeperit,
1357 2997 1444 3093 nun·
1513 3009 1518 3016 “

482 3100 542 3176 uis
565 3100 719 3176 cauterio
740 3098 905 3173 subtiliter
933 3100 1036 3173 urito.
1062 3099 1255 3174 Oculorum
1278 3100 1450 3201 epiphora
1499 3164 1506 3174 .

481 3208 570 3284 infra
594 3208 734 3283 oculum
757 3208 924 3283 dettadtus
944 3208 1076 3307 sanguis
1096 3209 1454 3311 emendanturque
1528 3281 1532 3286 .

482 3319 524 3392 ad
545 3316 713 3391 sanitatem
733 3316 834 3393 melle
852 3315 988 3414 optimo
1008 3317 1186 3417 inungatur
1203 3317 1336 3391 affidue.
1351 3322 1442 3393 Prae·

439 3439 444 3449 '
482 3447 572 3502 terea
590 3428 726 3524 prodest
748 3427 856 3501 eidem
878 3426 1042 3521 pallioni:
1060 3428 1209 3529 myrrhae
1230 3430 1363 3525 pondus
1383 3431 1444 3504 de-

483 3535 571 3607 narii
590 3535 713 3619 unius.
738 3531 908 3609 crocodili
930 3532 1086 3607 stercoris
1109 3533 1349 3626 semiunciam,
1370 3536 1455 3613 salis,
1535 3533 1539 3540 ’

483 3642 672 3718 armoniaci
694 3640 933 3731 semiunciam,
947 3639 1046 3739 sepiae
1067 3643 1188 3718 ollium
1206 3643 1423 3721 semiunciam
1432 3700 1454 3738 ,.

484 3751 595 3827 mellis
612 3749 718 3826 Attici
737 3752 883 3851 cyathos
899 3777 942 3826 2:
962 3749 1139 3848 exquibus
1160 3753 1320 3828 omnibus
1340 3755 1457 3829 tunsis„

484 3882 585 3960 atque
607 3860 782 3957 permixtis
804 3858 943 3935 oculum
957 3883 1136 3960 perunges.
1157 3862 1293 3959 Magna
1306 3859 1445 3956 lippitu-

484 3971 556 4043 dini
576 3968 752 4044 adhibetur
774 3968 839 4041 tale
853 3968 1059 4043 remedium:
1075 3970 1232 4070 Myrrha
1248 3965 1457 4066 troglotidis,

486 4074 622 4150 unciam
656 4105 692 4169 r,
716 4075 801 4153 turis
828 4076 993 4166 masculi,
1020 4075 1116 4151 croci
1144 4075 1274 4166 Siculi,
1297 4072 1455 4171 limpidis,

489 4185 648 4283 Cypriae,
668 4186 742 4260 reris
753 4186 815 4261 usli
827 4241 838 4278 ,
852 4175 917 4261 asra
928 4186 1047 4261 uncias
1065 4213 1107 4273 2,
1121 4204 1211 4260 teres
1225 4181 1343 4272 simul,
1356 4206 1447 4256 con·

485 4294 618 4393 sparges
638 4297 677 4371 δι
697 4321 833 4393 cernes,
845 4323 941 4398 aquae
954 4295 1184 4466 coelestim&
1192 4290 1326 4367 Falerni
1345 4289 1453 4394 uini„

1173 4447 1176 4453 ¹
1209 4418 1234 4490 λ
