3875 5759
530 925 601 1000 43²
700 871 1212 981 veourtr'tru
1262 881 1331 971 ι’ν.

416 1099 419 1104 ·
529 1063 595 1138 bus
605 1116 616 1150 ,
626 1085 727 1157 quant
740 1060 775 1133 in
787 1058 975 1147 sellaribus,
990 1051 1085 1135 decet
1096 1085 1104 1132 ι
1116 1034 1256 1150 deinde,
1269 1079 1307 1133 ut
1322 1058 1402 1132 sana
1418 1081 1500 1158 pet·

530 1182 713 1244 maneant:
731 1168 831 1265 post,
847 1187 885 1241 ut
905 1189 1033 1266 aegrota
1059 1189 1242 1258 curentur,
1261 1168 1501 1242 confeuiones

529 1279 593 1374 (ut
613 1280 735 1352 dictum
760 1276 832 1375 esi)
860 1280 1118 1353 medicaminum
1141 1280 1354 1375 proferemus
1376 1279 1502 1354 electas

529 1414 577 1461 ex
589 1386 783 1462 audoribus
801 1389 936 1479 multis,
956 1391 998 1463 de
1018 1390 1254 1486 experimentis
1269 1386 1501 1462 manifestissi-

530 1494 596 1570 tnis
609 1492 832 1587 approbatas„
873 1555 875 1560 .

583 1603 670 1674 Vlll.
685 1600 847 1673 Traditur
855 1598 990 1673 Chiron
1005 1601 1046 1672 ad
1061 1597 1237 1674 reficienda
1251 1597 1428 1694 jumenta,
1444 1603 1500 1675 vel

530 1711 697 1796 curanda,
710 1711 797 1784 hanc
810 1708 945 1782 edidisse
958 1710 1159 1805 potionem,
1179 1733 1254 1803 quae
1269 1710 1429 1782 internos
1443 1736 1499 1782 ex·

532 1837 660 1915 tergeat
679 1823 842 1898 morbos,
869 1844 945 1915 quae
970 1818 1078 1892 tuffint
1104 1819 1286 1913 reprimat,
1314 1819 1438 1890 vulsos
1463 1845 1500 1895 ac

532 1930 674 2003 tufficos
694 1949 797 2003 curet.
817 1930 955 2002 Ptisanae
978 1928 1176 2015 sextarium,
1196 1927 1257 1998 lini
1282 1926 1421 1999 seminis
1442 1930 1500 2001 he·

533 2040 684 2127 minam,
706 2039 802 2114 croci
821 2041 955 2112 unciam
972 2065 1070 2111 unam
1081 2092 1092 2127 ‚
1105 2036 1297 2111 intestinum
1314 2038 1498 2132 porcinum

534 2167 670 2239 tecens3
685 2150 780 2244 quod
793 2149 1023 2245 longanonem
1037 2143 1186 2234 vocant,
1204 2146 1295 2242 prius
1317 2146 1498 2244 dilgenter

535 2258 664 2343 lotum,
681 2256 737 2327 vel
749 2280 933 2327 acronemc
952 2280 1030 2350 quae
1044 2255 1067 2326 st
1083 2256 1118 2326 in
1132 2254 1305 2351 presentia
1318 2253 1414 2328 forte
1429 2281 1499 2327 non

534 2366 738 2461 suppetunt,
760 2363 930 2435 haedinum
946 2382 1048 2457 caput
1068 2389 1146 2435 cum
1163 2363 1305 2457 pedibus
1317 2367 1357 2439 δι
1372 2363 1501 2436 intesti-

427 2514 432 2527 ·
537 2474 591 2546 nis
603 2498 642 2545 ac
657 2488 793 2559 ventre,
815 2471 1048 2567 &diligenter
1062 2471 1152 2566 quast
1172 2472 1214 2544 ad
1226 2472 1408 2563 bominum
1422 2473 1500 2545 usus

447 2589 453 2614 ⁸
537 2586 718 2668 curatum,
746 2582 783 2652 in
812 2581 973 2654 cacabum
1002 2579 1116 2652 mittis.
1134 2580 1242 2653 ,addes
1271 2580 1500 2676 superioribus

536 2690 674 2790 hyssopi
703 2689 804 2763 fasces
830 2691 937 2778 duos,
960 2689 1125 2762 'cochleas
1146 2712 1317 2787 germanas
1331 2703 1501 2787 'purgatas

393 2877 397 2887 .
469 2834 470 2837 ¹
537 2800 749 2898 quindecim,
776 2799 899 2871 bulbos
925 2798 1140 2895 quindecim,
1164 2794 1248 2870 ficus
1274 2798 1429 2893 duplices
1451 2799 1500 2871 xi·

469 2994 478 3003 .
537 2909 647 3009 finti,
666 2929 749 2981 tutae
768 2908 961 2985 fasciculum
982 2934 1107 2996 unum,
1125 2909 1304 2983 baccarum
1323 2909 1411 2983 lauri
1429 2911 1500 2983 sex·

539 3019 661 3092 tatium
677 3045 783 3091 unum
802 3021 939 3107 tritum,
955 3020 1111 3117 daslylos
1124 3019 1267 3121 uiginti,
1283 3020 1353 3092 allii
1371 3019 1501 3126 purgati

539 3130 651 3223 capita
677 3130 762 3219 tria,
791 3128 858 3224 sepi
883 3130 1013 3223 caprini
1039 3131 1153 3203 uncias
1176 3131 1260 3219 sex,
1274 3131 1400 3229 pulegii
1425 3129 1503 3205 srcci

539 3234 746 3310 fasciculum.
766 3236 856 3326 Quae
874 3235 990 3305 omnia
1011 3236 1089 3307 trita
1109 3237 1270 3336 decoquis
1285 3239 1319 3308 in
1340 3262 1430 3334 aqua
1450 3245 1503 3311 ci·

540 3344 687 3418 sternina
702 3345 758 3417 vel
771 3344 920 3432 coelesti,
935 3346 1045 3434 donec
1056 3345 1230 3444 liquefasia
1242 3368 1337 3421 carne
1349 3343 1504 3417 defluant

542 3457 623 3531 osla.
643 3456 699 3529 sed
717 3481 837 3554 aquam
852 3455 969 3553 saepius
987 3456 1141 3552 adjicies,
1160 3483 1202 3531 ne
1220 3456 1503 3531 medicamentum

541 3567 656 3638 ustura
677 3564 889 3663 constringat.
908 3566 973 3638 Sed
995 3592 1071 3639 cum
1088 3566 1219 3662 spissum
1237 3565 1382 3654 videtis,
1401 3567 1504 3656 cola·

542 3673 615 3763 bis,
644 3669 844 3769 abjedisque
868 3675 1092 3752 excrementis
1121 3676 1159 3748 δε
1184 3674 1332 3764 ollibus,
1356 3673 1503 3750 tracanti

542 3781 660 3866 uncias
682 3801 748 3855 tres
770 3781 875 3877 pridie
899 3784 1006 3857 calida
1027 3782 1169 3872 infusas,
1190 3804 1227 3857 ut
1245 3784 1449 3883 inturgescat
1466 3789 1505 3862 δι

457 3963 459 3967 s
544 3894 633 3969 solvi
655 3894 774 3990 poffit,
790 3891 944 3985 adjicies,
958 3894 1037 3990 pasll
1054 3893 1215 3967 sextarios
1235 3915 1318 3986 tres,
1332 3920 1402 3969 ova
1424 3922 1505 3973 cru·

545 4001 588 4072 da
606 4002 683 4091 sex,
703 4000 771 4074 olei
791 4001 911 4074 rosacii
930 4026 1000 4077 ora
1018 4001 1116 4096 plena
1135 4001 1211 4091 sex,
1230 4003 1347 4101 butyri
1363 4002 1506 4078 resoluti

545 4109 661 4183 uncias
675 4128 752 4201 tres,
766 4110 939 4206 anagallici
953 4111 1068 4185 uncias
1081 4134 1164 4200 ttes,
1180 4112 1285 4208 amyli
1296 4112 1414 4187 uncias
1428 4118 1509 4202 tres,

547 4217 700 4313 pulveris
720 4217 919 4314 quadrigarii
936 4217 1052 4290 uncias
1069 4211 1162 4310 tres,·
1177 4219 1319 4291 lomenti
1341 4219 1428 4293 sabae
1446 4222 1511 4321 [id

430 4320 435 4328 ’
549 4327 613 4421 esl,
633 4326 774 4424 farinae]
789 4325 972 4401 sextarium.
991 4328 1074 4405 Haec
1088 4328 1204 4411 omnia
1219 4327 1265 4403 ita
1280 4335 1511 4429 temperabis,

1149 4692 1172 4734 l
