3875 5759
537 905 669 980 'rnns
697 856 1035 979 verruntur
1060 869 1245 985 uutou.
1307 938 1377 1012 377

419 1066 574 1168 expedit,
588 1066 787 1161 inpedibus
816 1065 886 1138 ulla
905 1065 1074 1159 jumenta,
1092 1067 1149 1141 vel
1170 1094 1381 1169 quocunque

419 1175 487 1247 alio
520 1172 635 1259 lo'cos
656 1172 820 1266 conradis¹
851 1173 965 1245 nervis
992 1174 1163 1267 patiuntur
1191 1176 1377 1270 spasmum,

419 1282 457 1352 δι
484 1279 588 1350 robur
606 1278 790 1352 incurrunt.
810 1281 861 1358 Ex
878 1278 980 1351 nimia
1000 1303 1137 1376 quoque
1163 1283 1304 1375 pruina,
1321 1282 1378 1354 vel

420 1386 446 1457 sr
470 1386 505 1458 in
530 1385 637 1458 nimio
659 1384 785 1482 frigore
807 1386 989 1467 sudabunt,
1013 1388 1069 1459 vel
1090 1412 1109 1459 e
1132 1389 1248 1462 calidis
1270 1389 1379 1463 slabu·

417 1498 458 1569 lis
479 1498 715 1591 producuntur
738 1497 774 1568 in
800 1494 904 1593 frigus
919 1493 1027 1586 ,lieri
1052 1496 1201 1570 adsolent
1227 1499 1379 1571 roboro·

418 1606 454 1678 si.
473 1605 537 1677 Sed
557 1605 581 1677 fi
598 1630 618 1678 a
636 1605 820 1701 posteriore
849 1625 943 1701 parte
971 1604 1095 1677 suerint
1125 1610 1382 1704 comprehensi,

418 1735 456 1787 ut
478 1717 616 1789 morbus
637 1714 761 1789 definat
780 1717 816 1786 in
836 1715 994 1808 lumbos„
1009 1714 1257 1809 opisthotonici
1274 1715 1381 1820 fiunt,

418 1825 700 1932 calefadliouibus·
724 1845 835 1899 tamen
867 1824 1114 1922 unguentisque
1147 1846 1317 1898 curantur.
1348 1826 1383 1900 Si

419 1961 508 2030 quos
535 1960 620 2010 vero
644 1935 753 2008 robur
771 1959 789 2006 a
808 1933 923 2027 priore
948 1950 1040 2023 parte
1059 1934 1382 2029 comprehenderit,

420 2045 466 2116 ita
495 2064 532 2118 ut
560 2069 601 2118 os
628 2045 757 2137 aperire
785 2066 857 2112 non
883 2040 1257 2138 pollint,·desperanda
1285 2043 1384 2134 sunt,

420 2152 500 2249 quia
532 2149 719 2225 conuiuis
750 2148 905 2221 dentibus
935 2146 1023 2221 same
1056 2152 1165 2244 perire
1201 2175 1383 2248 coguntur.

424 2261 514 2349 Quae
539 2276 649 2329 autem
675 2281 716 2328 ex
738 2274 814 2330 toto
833 2280 981 2352 corpore
1003 2259 1175 2355 aqualiter
1189 2259 1384 2355 periclitam·
1502 2239 1510 2270 τ’

422 2385 499 2453 tur,
518 2366 624 2466 itaut
645 2389 686 2437 ex
707 2364 817 2461 aliqua
832 2385 923 2462 parte
939 2391 979 2440 os
995 2368 1128 2441 valeant
1141 2368 1292 2464 aperire,
1315 2389 1383 2443 tarn

421 2476 480 2551 diu
508 2477 724 2550 undionibus
749 2476 1184 2573 calidiffimisvperfricanda
1207 2477 1383 2565 sunt,do·

423 2613 487 2661 nec
514 2587 655 2677 sudent,
677 2606 906 2682 coopertoque
927 2585 1008 2681 sagis
1029 2586 1272 2679 copiofillime,
1298 2585 1382 2657 loco

346 2699 356 2720 ⁸
424 2694 536 2771 calido
551 2695 761 2782 statuuntur,
780 2692 932 2789 ignisque
945 2689 1039 2784 juxta
1058 2716 1096 2763 ea
1112 2690 1184 2763 sieri
1204 2690 1383 2764 consuevit

423 2805 492 2876 fine
519 2804 640 2890 fumo,
660 2822 699 2873 ut
727 2800 870 2894 amplius
901 2798 1029 2873 sudent.
1053 2799 1214 2873 Surculos
1244 2824 1383 2897 quoque

423 2916 557 2987 laureos
582 2910 762 2984 validiores
782 2910 818 2982 in
839 2933 880 2983 os
906 2933 1025 2981 eorum
1046 2909 1134 2982 inter
1154 2909 1256 2982 malas
1279 2910 1384 2991 mit'ti·,

425 3043 488 3107 to,
507 3044 543 3093 ur
558 3019 714 3092 rodendo
734 3043 794 3091 eos
810 3019 980 3117 exagitent
1000 3018 1151 3092 maxillas
1165 3021 1203 3092 δι
1217 3018 1382 3094 calefiant.

405 3129 526 3205 'Fabas
543 3155 678 3228 quoque
699 3130 838 3219 solidas,
851 3155 928 3203 cum
946 3130 1058 3204 baccis
1070 3128 1158 3203 lauri
1177 3128 1322 3219 mixtas,
1336 3129 1384 3224 je·

423 3241 510 3338 juno
534 3240 638 3312 dabis.
658 3243 790 3335 Aquam
805 3262 946 3335 quoque
966 3238 1106 3318 calidam
1127 3237 1246 3310 offeres
1263 3231 1303 3309 ad
1320 3261 1386 3333 po·¹
1501 3269 1506 3276 ·

406 3352 573 3442 tandum.
590 3354 750 3423 Ventrem
771 3346 849 3443 ipfis
870 3373 945 3421 cum
963 3348 1068 3422 mulsa
1090 3348 1384 3436 calida,admixto

418 3459 600 3549 'castorem
615 3457 759 3555 clystere
781 3455 962 3549 purgabis:
985 3456 1099 3529 oleum
1126 3479 1265 3552 quoque
1290 3457 1384 3551 opti·
1460 3455 1463 3462 ’

426 3589 520 3638 mum
542 3590 620 3638 cum
638 3564 739 3635 succo
762 3558 899 3655 ptisanae
920 3560 1063 3645 mixtum
1084 3586 1142 3657 per
1168 3588 1283 3649 narem
1307 3562 1387 3636 smi-
1441 3561 1456 3624 ’-

428 3674 526 3747 slram
543 3669 718 3755 defundis',
737 3668 901 3739 hordeum
918 3668 1095 3742 emolitum
1109 3695 1186 3744 cum
1201 3669 1387 3743 furfuribus

429 3781 615 3857 admixtum
628 3780 721 3851 dabis
733 3780 774 3853 ad
788 3776 999 3850 substantiam
1013 3830 1025 3867 ,
1037 3778 1147 3851 donec
1160 3777 1303 3850 sanetur.
1315 3776 1387 3848 Ali·

430 3891 548 3991 quanti
562 3891 730 3979 dixerunt,
740 3908 900 3984 oportere
913 3912 974 3961 eos
988 3912 1064 3960 aere
1078 3886 1253 3977 candenti,
1264 3887 1300 3959 in
1315 3911 1387 3959 are-

431 4028 476 4073 na
497 3998 627 4073 fluviali
655 3999 709 4074 vel
736 3998 902 4071 maritima
925 3998 1104 4095 colligatos
1135 3997 1260 4087 obrui,
1282 3997 1327 4071 ita
1349 4018 1387 4074 ut

432 4131 533 4207 caput
552 4136 669 4184 eorum
690 4108 794 4181 exstet
814 4111 852 4183 δι
872 4112 1035 4198 nares,&
1048 4125 1115 4181 tam
1136 4108 1193 4181 diu
1215 4108 1386 4195 detineri,

433 4222 543 4293 donec
564 4219 691 4292 sudent.
711 4217 774 4290 Sed
789 4240 831 4288 ex
851 4216 946 4312 supra
969 4216 1090 4311 scripta
1109 4240 1190 4289 cura
1211 4215 1295 4312 sepe
1312 4216 1388 4312 plu·
1438 4227 1442 4234 “

435 4355 487 4407 res
506 4326 633 4404 constat
647 4326 710 4404 elle
722 4325 863 4402 sanatos.
875 4325 1019 4420 Quodfi
1037 4351 1080 4399 ex
1091 4325 1154 4402 hac
1167 4348 1202 4399 re
1217 4348 1288 4399 non
1301 4349 1384 4423 prog-
