3875 5759
551 916 1418 1017 114PALLADIlRUTlL11

524 1089 627 1160 ·Item
641 1081 666 1154 si
678 1080 864 1153 induantur
884 1075 1022 1177 argilla,
1034 1078 1073 1152 dt
1088 1101 1128 1151 ea
1142 1075 1264 1152 ficcata
1283 1078 1366 1151 loco
1385 1078 1510 1179 frigido

542 1190 723 1290 pendeant.
738 1189 821 1261 ltem
836 1187 860 1257 si
875 1184 997 1259 seriola
1011 1184 1147 1259 subdio
1165 1185 1332 1260 obruatur
1343 1241 1356 1279 ,
1366 1214 1442 1285 quae
1454 1190 1512 1260 ha·

542 1302 621 1375 beat
640 1319 756 1370 arenas
778 1292 939 1391 usquead
956 1292 1127 1382 medium,
1145 1298 1184 1368 δι
1204 1295 1292 1367 mala
1313 1321 1394 1370 cum
1416 1315 1511 1369 tena-

543 1410 639 1484 cibus
662 1405 745 1477 lesla
760 1403 998 1500 imprimantur
1016 1405 1134 1478 cannis
1158 1404 1322 1502 singulis,
1348 1406 1405 1479 vel
1428 1405 1512 1479 sam·

454 1533 467 1551 ⁸
542 1516 624 1591 buci
648 1512 810 1612 virgulis,
829 1513 927 1587 &ita
943 1514 1092 1611 separatu
1107 1514 1143 1587 in
1165 1515 1276 1588 arenis
1290 1514 1457 1613 ligantur,
1471 1536 1510 1589 ut

543 1626 613 1723 ipsa
631 1648 779 1722 quatuor
800 1624 912 1722 digitis
931 1619 1105 1698 emineant
1122 1626 1167 1698 ab
1179 1650 1291 1699 arena.
1306 1628 1383 1700 Hoc
1400 1629 1439 1700 δι
1452 1627 1512 1699 sub

542 1736 635 1812 netto
647 1736 682 1807 in
704 1732 823 1807 scrobe
845 1734 1070 1831 [bipedanea]
1095 1733 1168 1807 sieri
1183 1734 1318 1831 potesl,
1336 1737 1375 1807 δι
1395 1735 1514 1807 utilius

542 1845 590 1922 esl
608 1847 647 1918 ad
672 1844 897 1935 servandum,
911 1844 935 1915 fi
950 1870 1028 1919 cum
1045 1869 1141 1915 ramo
1160 1843 1319 1941 longiore
1331 1842 1509 1917 tollantur.

543 1955 677 2027 Aliter:
693 1954 731 2024 ln
755 1952 895 2037 seriola,
911 1952 969 2024 cui
987 1951 1030 2024 ad
1054 1951 1201 2025 medium
1222 1976 1309 2049 aqua
1328 1950 1511 2042 mittatur,

542 2060 788 2156 suspenduntur
810 2059 913 2144 mala,
934 2084 976 2129 ne
992 2058 1173 2131 humorem
1196 2077 1352 2156 tangant,
1367 2060 1406 2131 &
1426 2055 1510 2132 seria

543 2169 710 2242 clauditur
723 2220 735 2253 ,
747 2190 792 2238 ne
809 2184 933 2239 ventus
954 2167 1128 2261 irrumpat.
1144 2171 1226 2239 ltem
1247 2168 1284 2240 in
1300 2167 1398 2239 dolio
1419 2166 1511 2242 intra

543 2276 687 2348 ordeum
704 2274 749 2345 src
762 2273 986 2363 ordinantur,
1003 2299 1046 2346 ne
1061 2277 1092 2347 se
1104 2275 1256 2349 invicem
1268 2296 1427 2373 tangant:
1443 2278 1509 2370 [dt]

478 2406 480 2409 ·
544 2385 677 2456 dolium
701 2380 842 2478 desuper
856 2381 1021 2477 operitur.
1040 2382 1170 2454 Vinum
1191 2382 1232 2455 de
1249 2384 1345 2455 malis
1364 2386 1511 2479 granatis

543 2490 710 2567 conficies
723 2492 792 2566 hoc
803 2491 910 2565 modo
924 2495 1062 2566 :Grana
1077 2511 1205 2566 matura
1215 2514 1352 2591 purgata
1367 2494 1510 2590 diligen·

544 2627 595 2679 ter
609 2604 643 2676 in
658 2602 923 2699 palmeafiscella
939 2602 1069 2695 mittis,
1096 2606 1172 2699 [dt]
1192 2603 1229 2678 in
1242 2605 1383 2678 cochlea
1397 2607 1510 2701 expri-

544 2718 632 2805 mis,
653 2719 691 2791 &
714 2716 805 2791 lente
823 2739 952 2815 coques
974 2716 1080 2815 usque
1104 2716 1146 2789 ad
1165 2716 1403 2791 medietatem:
1430 2739 1510 2791 cum

544 2824 735 2914 refrixerit,
749 2825 867 2921 picatis
882 2828 921 2899 δι
940 2824 1088 2925 gypsatis
1107 2823 1253 2900 vasculis
1275 2825 1420 2899 claudes.
1434 2826 1509 2896 Ali·
1529 2869 1533 2876 ,

544 2939 604 3035 qui
625 2939 762 3010 succum
788 2962 860 3007 non
883 2956 1112 3031 excoquunt,
1129 2937 1185 3010 sed
1204 2937 1339 3036 singulis
1360 2935 1509 3008 sextariis

542 3048 646 3118 libras
668 3042 778 3116 mellis
803 3041 947 3137 lingulas
969 3044 1132 3130 miscent,
1145 3048 1184 3118 dt
1200 3045 1238 3116 in
1259 3046 1426 3140 praedislis
1446 3070 1509 3117 va·

503 3161 507 3170 '
541 3152 642 3226 sculis
658 3151 846 3245 ponunt&
861 3146 1068 3223 cusiodiunt.
1088 3151 1206 3223 Mense
1221 3153 1350 3239 Martip
1366 3152 1441 3223 citri
1457 3179 1529 3256 arr-0

540 3262 608 3335 bor
632 3278 782 3360 quatuor
802 3261 914 3334 modis
934 3259 1074 3352 seritur,
1091 3259 1242 3351 semine,
1264 3285 1383 3347 ramo,
1397 3265 1509 3357 talea,

542 3372 651 3447 clava
663 3388 753 3444 amat
766 3388 889 3445 terram
900 3370 1037 3444 rarioris
1048 3391 1192 3459 naturae,
1204 3373 1331 3446 coelum
1347 3372 1509 3463 calidum,

541 3483 789 3578 humoremque
810 3478 1025 3555 continuum.
1048 3482 1072 3553 fi
1089 3482 1201 3581 granis
1222 3482 1308 3557 velis
1321 3482 1447 3571 serere,
1461 3484 1509 3556 ita
1562 3561 1568 3575 ¹

543 3591 646 3665 facies
656 3591 817 3663 :Terram
828 3589 865 3663 in
879 3590 969 3664 duos
982 3581 1084 3687 pedes
1094 3590 1217 3683 fodies,
1232 3593 1379 3668 cinerem
1393 3592 1508 3666 misce·

539 3702 616 3790 bis,
639 3699 764 3775 breves·
779 3724 872 3773 areas
894 3699 1023 3791 facies,
1048 3719 1088 3774 ut
1108 3702 1267 3800 utrinque
1288 3690 1349 3797 per
1375 3703 1507 3778 canales

396 3903 398 3912 Ι
539 3839 628 3912 aqua
647 3810 819 3887 discurrat.
837 3810 873 3882 in
888 3810 940 3885 his
959 3810 1046 3885 areis
1060 3811 1242 3909 palmarem
1263 3810 1417 3883 scrobem
1431 3837 1504 3881 ma·

540 3922 641 3996 nibus
661 3918 814 4016 aperies,
839 3920 879 3994 dt
903 3919 966 3993 tria
989 3946 1092 4021 grana
1113 3919 1272 3994 deorsum
1299 3917 1399 3993 verso
1425 3942 1507 3989 acu·

538 4032 632 4105 mine
654 4028 768 4124 junna
787 4028 994 4120 conslitues,
1007 4034 1044 4106 dt
1058 4032 1183 4104 obruta
1204 4029 1357 4127 quotidie
1369 4028 1507 4126 rigabis.

538 4139 641 4213 citius
662 4139 868 4234 procedent,
883 4140 907 4211 sr
921 4138 1089 4214 beneficio
1111 4165 1207 4237 aquae
1228 4139 1371 4233 tepentis
1390 4140 1507 4214 utaris.

539 4248 637 4321 Natis
652 4249 858 4350 germinibus
880 4247 1010 4343 semper
1031 4249 1190 4344 proxima
1211 4248 1313 4321 herba
1337 4268 1507 4321 runcetur.

540 4356 656 4431 Potest
673 4360 755 4435 hinc
774 4358 874 4433 trima
886 4360 1002 4457 planta
1019 4357 1206 4435 transferri.
1222 4359 1259 4433 si
1274 4382 1405 4434 ramum
1422 4358 1507 4437 velis
