3875 5759
458 961 461 978 '
521 896 526 921 l
629 956 709 1028 DE
747 951 1257 1027 transmeante.
1294 957 1320 1029 l.
1396 979 1437 1055 ²t

481 1116 588 1214 sculpi
604 1134 733 1189 tantum
748 1115 957 1189 fundamenti
979 1114 1087 1186 forma
1101 1116 1256 1203 debebit,
1268 1115 1369 1190 unius
1382 1143 1444 1214 pe·

481 1227 533 1299 dis
552 1222 729 1298 altitudine
753 1223 808 1294 vel
828 1224 985 1295 duorum.
1007 1219 1085 1318 [Et]
1105 1220 1128 1290 st
1150 1222 1255 1293 solida
1276 1223 1334 1293 vel
1353 1227 1456 1295 cond

481 1336 588 1409 slrida
603 1335 798 1407 invenietur
816 1333 947 1428 argilla,
961 1336 1080 1429 quinta
1095 1334 1150 1405 vel
1165 1334 1254 1415 sexta
1268 1359 1346 1429 pars
1363 1331 1474 1406 alti-⁸
1494 1428 1498 1435 ¹

480 1447 608 1522 tudinis
628 1444 722 1541 ejus,
745 1470 823 1541 quar
841 1445 936 1539 supra
957 1467 1077 1516 terram
1101 1444 1210 1516 futura
1234 1444 1298 1532 esl,
1319 1444 1448 1520 sunda·l

481 1557 602 1629 mentis
615 1556 806 1649 deputetur.
821 1552 932 1645 Quod
946 1552 971 1622 st
985 1571 1072 1625 tetra
1086 1551 1196 1623 laxior
1205 1550 1324 1639 suerit,
1337 1552 1447 1624 modo

482 1666 620 1760 majoris
643 1663 832 1737 altitudinis
854 1664 1061 1752 obruantur,
1086 1665 1197 1739 donec
1221 1665 1444 1738 munda-sine
1544 1658 1547 1663 ’

483 1782 641 1853 ruderum
660 1764 846 1869 suspicione
866 1795 1024 1849 occurrat
1046 1779 1308 1875 argilla;quaest
1327 1778 1445 1851 omni·

485 1915 530 1961 no
543 1888 645 1976 desit,
656 1896 810 1978 quartam
824 1886 966 1957 mersisse
979 1888 1130 1958 sufficiet.
1143 1888 1347 1959 Studendum
1360 1914 1446 1984 prae·⁴

484 2018 589 2086 terea,
602 2016 640 2070 ut
659 1996 766 2067 hortis
783 1999 821 2069 δι
839 1994 1000 2089 pomariis
1023 1995 1111 2087 cingi
1126 1995 1246 2089 pollit,
1259 2015 1316 2067 aut
1330 1997 1446 2092 pratis.
1529 2094 1532 2099 ι

484 2106 548 2179 Sed
564 2097 811 2179 totus⁴fabticae
827 2105 948 2187 tradus
963 2102 1062 2174 unius
1082 2103 1194 2175 latetis
1213 2101 1445 2201 longitudine,

486 2201 626 2311 inquo
646 2211 742 2285 srons
766 2212 850 2299 erit,
873 2212 1090 2284 meridianam
1115 2232 1243 2305 partem
1271 2211 1444 2305 respiciat,

485 2318 519 2391 in
541 2320 654 2417 primo
670 2320 794 2416 angulo
813 2317 986 2411 excipiens
1005 2337 1118 2390 ortum
1137 2318 1216 2392 solis
1229 2318 1382 2407 hiberni,
1406 2324 1446 2396 δε

484 2427 657 2525 paululum
675 2428 723 2500 ab
742 2427 922 2500 occidente
944 2445 1118 2499 avertatur
1133 2427 1285 2504 hiemali·
1299 2431 1346 2500 Ita
1361 2454 1446 2525 pto·

485 2539 620 2628 veniet,
638 2557 676 2610 ut
696 2559 756 2634 per
779 2538 922 2636 hiemem
947 2537 1017 2612 sole
1037 2537 1236 2631 illustretur,
1257 2541 1294 2615 δι
1314 2540 1445 2616 calores
1559 2585 1563 2592 ·

485 2647 907 2745 ejusaeslatenonsentiat.
1500 2734 1503 2738 ι

532 2760 596 2832 ΙΧ.
616 2761 737 2830 Forma
751 2776 862 2829 tamen
884 2756 948 2828 esse
961 2756 1060 2827 debet
1077 2754 1263 2850 ejusmodi,
1279 2774 1317 2828 ut
1329 2757 1371 2828 ad
1384 2757 1447 2829 has

485 2867 685 2941 bitationern
696 2866 846 2939 brevitet
859 2866 1015 2939 colleslas
1028 2867 1066 2940 δι
1080 2864 1180 2936 aeslati
1193 2862 1345 2943 &hiemi
1359 2889 1448 2960 prae-

487 2977 565 3047 beat
581 2974 777 3051 mansiones.
799 2979 888 3072 Qua
905 2974 1007 3047 hiemi
1022 2992 1201 3072 parantur,
1213 2974 1258 3058 ita
1272 2973 1336 3046 stnt
1356 2993 1450 3052 corr-T
1552 3049 1557 3059 ,

488 3082 609 3157 slitutae
620 3136 632 3174 ,
647 3102 686 3156 ut
701 3086 801 3181 posiit
821 3110 876 3157 eas
892 3085 1024 3158 hiberni
1046 3085 1125 3160 solis
1146 3102 1237 3158 totus
1259 3109 1447 3181 propemo-

487 3194 568 3266 dum
588 3193 703 3268 cursas
730 3194 884 3269 hilarare.
907 3200 944 3265 ln
964 3196 1015 3269 his
1035 3178 1229 3293 pavimenta
1250 3211 1446 3291 opportuna

486 3302 549 3375 esse
569 3302 750 3375 debebunt.
768 3304 917 3375 Primum
935 3303 969 3376 in
985 3304 1120 3377 fabricis
1133 3302 1239 3400 planis
1252 3327 1364 3375 earum
1380 3306 1449 3380 ola-2

486 3408 689 3485 servandum
703 3412 768 3498 esl,
779 3430 818 3485 ut
830 3414 967 3510 aequalis
982 3415 1018 3487 δι
1032 3411 1361 3509 solidacontignatio
1376 3413 1448 3505 fiat,

487 3509 529 3602 ne
551 3525 673 3621 gradus
690 3523 935 3596 ambulantium
952 3542 1131 3596 tremorem
1144 3515 1279 3597 fabrica.
1299 3524 1446 3597 tituban-

487 3629 528 3703 tis
546 3632 707 3705 excutiat.
731 3632 868 3706 Deinde
889 3651 928 3706 ut
941 3657 1019 3706 axes
1040 3659 1177 3730 querna
1199 3659 1276 3708 cum
1295 3634 1446 3711 aesculeis
1506 3625 1509 3630 ’

486 3764 556 3812 non
577 3741 787 3823 misceantur.
809 3769 886 3816 nam
908 3767 1071 3841 quercus,
1086 3745 1229 3815 humore
1248 3749 1446 3843 concepto,

486 3874 563 3923 curn
577 3851 721 3945 coeperit
734 3851 872 3938 siccati,
886 3852 1124 3949 torquebitur,
1138 3855 1175 3926 dt
1188 3851 1285 3926 rimas
1298 3852 1332 3925 in
1348 3852 1446 3949 pav'i·

487 3976 603 4030 mento
624 3955 748 4035 saciet:
772 3957 910 4032 esculus
925 3976 1038 4030 autem
1060 3958 1128 4031 sine
1148 3960 1237 4034 vitio
1252 3963 1359 4035 durat.
1380 3960 1446 4033 Sed

486 4063 658 4162 hquercu
673 4066 869 4162 suppetente
888 4065 1027 4140 aesculus
1042 4067 1144 4158 defit,
1163 4067 1324 4142 subtiliter
1342 4093 1445 4166 quer·

487 4196 545 4248 cua
565 4174 720 4264 secetur,
741 4179 779 4251 dt
802 4176 1005 4251 transversus
1032 4194 1131 4274 atque
1157 4179 1299 4251 direuus
1319 4177 1445 4271 duplex

487 4304 637 4373 portatur
654 4284 742 4357 ordo
759 4283 968 4375 tabularum,
983 4285 1090 4360 clavis
1103 4284 1334 4383 frequentibus
1347 4282 1446 4362 fixuss

486 4389 542 4467 De
558 4413 680 4487 cetto,
696 4411 754 4469 aut
773 4391 876 4494 sago,
893 4413 952 4474 aut
973 4394 1082 4470 farno
1098 4392 1275 4470 diutissime
1296 4392 1443 4469 tabulata
