3875 5759
494 902 542 977 sa
616 857 1375 994 nnrrnurrnurtr'rr

490 1064 581 1152 diis,
601 1061 701 1137 clivis
715 1060 905 1134 deleslatur.
927 1062 1048 1160 Neque
1063 1060 1169 1133 imum
1190 1062 1322 1150 locum,
1343 1087 1454 1160 neque

495 1174 634 1268 arduum
658 1170 804 1267 patitur,
827 1169 929 1270 magis
953 1169 1110 1253 modicos
1138 1170 1251 1244 clivos
1276 1171 1405 1269 [diligit
1419 1176 1453 1267 ,]

492 1281 578 1353 ficut
597 1277 643 1349 esl
660 1278 754 1373 regio
773 1276 981 1363 Sabina,vel
999 1277 1133 1351 Betica.
1154 1282 1337 1354 Baccarum
1349 1305 1453 1378 genus

472 1380 712 1461 'numerosum
737 1382 810 1475 est,
838 1386 876 1458 δι
901 1384 1049 1479 plurium
1080 1388 1349 1477 vocabulorum,
1373 1389 1458 1463 srcut

489 1496 622 1587 Pausra,
636 1495 763 1580 Orchis
773 1549 787 1583 ,
799 1494 946 1583 Radius,
960 1495 1093 1592 Sergia,
1104 1495 1255 1583 Licinia,
1270 1494 1455 1586 Comini'a,
1521 1533 1523 1538 r

490 1614 691 1707 &cetetae·,
711 1631 794 1705 quas
814 1606 993 1681 nominare
1017 1631 1090 1678 non
1113 1606 1244 1682 attinet.
1261 1607 1379 1679 Pausra
1405 1629 1457 1680 ra·

453 1703 464 1730 ⁰
491 1744 571 1792 men
584 1718 702 1791 oleum
714 1719 811 1815 quod
826 1718 960 1807 reddit,
974 1718 1054 1789 durn
1075 1691 1185 1789 uiride
1202 1716 1249 1788 est
1262 1769 1273 1806 ,
1285 1715 1455 1811 optimum

485 1823 585 1932 [est,]
598 1827 652 1900 sed
666 1827 738 1934 cito
760 1827 925 1909 uetustate
943 1826 1184 1922 corrumpitur,
1203 1824 1382 1921 Optimum
1395 1826 1456 1897 Li·

488 1940 580 2012 cinia
592 1938 666 2028 dat,
680 1936 863 2035 plurimum
882 1938 1006 2036 Sergia.
1020 1938 1085 2009 Sed
1105 1936 1212 2024 dehis
1226 1935 1455 2034 haeqgenera·

487 2048 566 2119 liter
586 2045 777 2143 praecepisse
793 2045 951 2133 sufficiet,
968 2045 1112 2135 majores
1133 2044 1253 2116 baccas
1270 2042 1369 2132 cibo,
1387 2043 1454 2114 mi-

400 2174 403 2179 '
487 2158 590 2254 nores
615 2152 930 2249 oleo‘prosututas.
954 2154 993 2224 Si·
1015 2152 1259 2225 frumentarius
1283 2176 1361 2249 ager
1385 2151 1455 2249 est,

485 2287 590 2363 quem
605 2263 812 2336 conserimus
826 2264 983 2351 oliveto,
998 2262 1218 2361 quadragenis
1240 2262 1329 2334 iuter
1349 2262 1381 2334 se
1396 2288 1454 2357 pe·

488 2378 588 2482 dibus
608 2374 788 2447 dislentrsi
810 2400 943 2463 macer,
964 2376 1096 2449 vicenis
1116 2376 1237 2473 quinis.
1260 2375 1383 2448 Melius
1402 2376 1453 2447 sa·
1529 2423 1531 2432 ·

488 2475 681 2576 eie‘mus,s1
703 2486 840 2558 ordines
864 2486 900 2557 in
925 2486 1117 2566 Favonium
1143 2487 1335 2586 dirigamus.
1363 2490 1453 2563 Cum

487 2597 721 2691 deponentur,
734 2592 771 2690 iu¹
785 2593 919 2669 scrobes
938 2594 1040 2666 siccas
1058 2594 1305 2668 constituantur
1319 2613 1453 2693 quater·

488 2706 542 2778 nis
558 2703 697 2799 pedibus
718 2700 829 2800 forsas,
849 2704 971 2777 Glarea
986 2704 1104 2789 etiarn,
1120 2707 1177 2785 ubi
1194 2706 1320 2803 lapides
1334 2706 1452 2780 defue-

486 2812 573 2900 rint,
583 2808 779 2896 misceatut,
793 2812 831 2884 &
845 2810 978 2884 stercus.
991 2812 1027 2883 si·
1042 2814 1169 2888 clausus
1184 2814 1281 2889 locus
1295 2811 1360 2902 est,
1375 2838 1451 2885 mo·

484 2924 563 2996 dice
591 2909 690 3016 supra
712 2939 859 3009 terram,
884 2947 960 3016 quae
985 2943 1181 3017 ponuntur,
1205 2923 1386 2997 emineant.
1416 2922 1452 2996 Si

488 3055 615 3126 pecora
635 3029 883 3121 formidantur,
897 3032 1035 3125 altiores
1054 3034 1165 3106 trunci
1187 3035 1251 3105 esse
1271 3035 1452 3107 debebunt.

487 3143 526 3211 ln
546 3138 641 3211 siccis
660 3161 747 3210 vero
761 3138 951 3235 provinciis
960 3166 1041 3213 cum
1054 3141 1181 3236 pluviae
1195 3142 1328 3229 desunt,
1342 3144 1450 3239 rigate

486 3245 684 3321 conveniet.
700 3246 734 3318 Si
750 3247 931 3342 provincia
944 3246 1071 3345 indiget
1089 3245 1248 3335 olivetis,
1262 3248 1301 3320 &
1317 3249 1449 3321 nonest

487 3360 584 3434 unde·
596 3361 707 3454 planta
721 3359 869 3433 sumatur
875 3360 1110 3448 ,seminarium
1125 3358 1320 3435 faciendum
1338 3358 1400 3445 esl,
1414 3361 1449 3433 id

485 3471 555 3559 est,
568 3469 681 3542 tabula
700 3468 836 3559 effossa,
856 3468 938 3543 ficut
954 3469 1103 3566 superius
1123 3468 1263 3559 dixi,ut
1284 3468 1351 3556 ibi,
1365 3468 1449 3543 srcut

483 3582 678 3655 Columella
688 3581 773 3653 dicit
784 3634 795 3672 ,
805 3582 889 3653 rami
904 3582 1097 3658 serraincisr
1109 3580 1145 3654 in
1165 3584 1308 3655 modum
1322 3581 1448 3679 sesqui·

483 3691 638 3791 pedalem
653 3690 875 3786 deponantur.
897 3691 975 3763 inde
990 3691 1065 3787 post
1081 3692 1354 3789 quinquennium
1369 3710 1446 3787 pot·

480 3804 547 3876 erit
571 3801 679 3873 valida
704 3801 815 3896 planta
837 3800 1032 3891 transferri,
1052 3805 1090 3877 &
1110 3801 1197 3874 locis
1223 3801 1351 3899 frigidis
1376 3800 1444 3873 hoc

432 3918 434 3924 ’
482 3910 598 3985 mense
611 3903 764 4005 plantari.
780 3908 861 3983 Scio
876 3909 1075 4007 plerosque,
1090 3911 1185 4007 quod
1200 3908 1329 3981 facilius
1344 3898 1446 4005 arque

481 4022 598 4097 utilius
616 4019 681 4107 est,
695 4021 823 4093 radices
845 4022 1019 4105 olearum,
1035 4045 1110 4116 qua
1124 4020 1160 4092 in
1182 4018 1270 4093 filvis
1294 4020 1445 4114 plerum·

482 4126 554 4225 que'
570 4131 665 4214 sunt,
680 4148 738 4200 aut
752 4128 787 4200 in
812 4130 900 4202 locis
919 4128 1075 4217 desertis,
1098 4131 1132 4200 in
1153 4127 1332 4200 cubitalem
1348 4155 1448 4203 men-

483 4235 591 4312 suram
608 4236 749 4323 recisas,
762 4256 820 4308 aut
834 4239 870 4309 in
884 4236 1083 4322 seminatio,
1097 4238 1121 4310 fr
1135 4237 1321 4333 placuerit,
1339 4240 1442 4327 autin

394 4409 399 4415 .
481 4344 616 4426 oliveto
638 4347 747 4422 solere
769 4346 972 4446 disponere,
991 4348 1029 4423 ὅ(
1052 4344 1263 4424 admixtione
1283 4347 1442 4441 ,stercoris
