3875 5759
407 944 414 961 s
481 933 549 1008 288
668 918 1007 1004 vaoarrr
1055 927 1186 998 ara.
1235 925 1329 1029 t..

480 1091 629 1193 piperis,
647 1087 738 1188 appii
760 1089 912 1181 seminis,
929 1093 966 1163 &
989 1087 1122 1162 seminis
1136 1087 1267 1184 sinapis.
1286 1089 1448 1187 Utroque

395 1280 398 1284 ,
480 1228 592 1290 ¹autem
623 1223 778 1301 tempore
806 1229 883 1276 cum
916 1201 1001 1274 boni
1033 1200 1105 1272 vini
1132 1199 1277 1279 sextario
1307 1201 1451 1293 plenum

375 1312 378 1319 ’
479 1317 660 1392 cochleare
689 1314 869 1406 miscetur,
899 1312 1121 1411 faucibusque
1153 1311 1349 1385 animalium
1381 1311 1450 1411 dis·

399 1462 403 1470 ·
479 1425 643 1499 funditur.

530 1535 619 1606 Lxr.
640 1533 697 1605 De
715 1530 822 1604 urinae
838 1530 1093 1604 difficultatibus
1114 1531 1235 1603 ordine
1254 1529 1315 1602 suo
1340 1531 1448 1605 multa

420 1738 427 1743 -
482 1644 625 1717 dicenda
643 1642 735 1731 sunt,
750 1641 807 1715 sed
822 1641 1010 1716 viatorium
1021 1641 1128 1730 istud,
1144 1643 1182 1715 δι
1198 1640 1397 1738 physicum,
1410 1644 1450 1716 δι

483 1755 613 1850 semper
633 1772 786 1850 paratum
805 1773 838 1826 te
851 1755 934 1826 scire
947 1753 1262 1841 conveniuLutum
1276 1779 1320 1825 ex
1336 1752 1450 1847 cujus·

481 1890 616 1961 cunque
630 1867 707 1962 equi
725 1864 813 1937 lotio
828 1863 949 1936 fabium
964 1864 1052 1935 vino
1069 1863 1265 1959 permisces,
1280 1863 1449 1935 colatum·

365 2023 368 2029 ·
482 1973 550 2074 que
569 2001 629 2072 per
650 2000 745 2047 nates
759 1975 936 2065 infundes,
949 1976 987 2049 δι
1000 1970 1176 2047 confestim
1190 1989 1363 2068 provocat
1377 1972 1449 2044 uri·
1487 1986 1491 1996 ·

364 2170 368 2180 ⁸
450 2116 455 2122 ⁸
483 2111 575 2158 nam.
594 2088 676 2156 Item
697 2084 812 2157 allium
836 2101 1012 2169 conteres,
1027 2086 1064 2156 &
1082 2083 1117 2152 in
1138 2106 1238 2153 anum
1255 2080 1386 2172 injicies
1410 2082 1449 2152 &

483 2210 675 2279 veretrum,
686 2214 769 2262 mox
783 2189 888 2286 egerit
903 2189 1037 2261 lotium.
1050 2191 1154 2276 Item,
1170 2190 1348 2284 pulverem
1362 2211 1449 2286 quo·
1514 2282 1516 2287 Ι

413 2280 418 2293 ’
485 2323 552 2397 que
572 2297 657 2369 turis
688 2323 763 2369 cum
788 2321 864 2369 ovo
899 2296 1054 2394 vinoque
1083 2297 1311 2391 permixtum,
1331 2297 1449 2369 addito

484 2410 588 2482 suc'co
611 2406 677 2502 apii
697 2410 735 2480 δι
752 2406 927 2495 caulium,
949 2406 973 2477 sr
994 2406 1171 2501 potionem
1195 2407 1347 2494 dederis,
1364 2430 1449 2501 pro·
1508 2448 1516 2473 r

482 2515 626 2588 vocabit
646 2514 789 2589 urinam.
812 2519 919 2603 item,
945 2513 1038 2615 betas
1056 2541 1096 2589 ac
1118 2518 1246 2589 malvas
1262 2516 1303 2588 ad
1316 2516 1451 2587 tertiam

483 2625 674 2723 decoques,
689 2651 732 2697 ex
754 2625 877 2722 quibus
904 2651 1025 2723 aquam
1048 2627 1213 2699 calentem
1235 2628 1276 2698 ad
1299 2627 1451 2699 medium

483 2735 665 2808 sextarium
678 2760 756 2807 cum
775 2734 874 2806 melle
886 2733 1103 2821 commisces,
1118 2736 1229 2831 &per
1243 2758 1282 2806 os
1294 2733 1424 2830 digetes
1438 2743 1451 2825 ,

483 2844 638 2940 proderit
655 2842 845 2931 mindioni.
869 2845 977 2932 Item,
999 2843 1152 2916 cimicem
1166 2868 1305 2941 quoque
1328 2843 1452 2916 vivum

484 2954 521 3027 in
538 2979 651 3026 aurem
671 2953 749 3050 equi
767 2953 885 3042 mitte,
900 2956 938 3027 &
953 2954 1094 3024 alterum
1120 2946 1215 3046 su'pra
1239 2972 1392 3036 naturam
1416 2953 1451 3028 in

484 3065 568 3159 ipso·
582 3064 772 3152 foramine,
793 3089 866 3160 quo
890 3065 1032 3161 mingit‚
1049 3064 1227 3155 confrica,
1251 3065 1451 3140 facillimum

483 3194 683 3271 certumque
709 3177 897 3249 remedium
924 3177 1004 3249 est..
1228 3168 1232 3178 ’
1370 3173 1372 3177 ’

338 3390 345 3405 ,
424 3298 427 3303 '
533 3288 634 3360 LXII.
658 3286 816 3361 itinerum
837 3287 964 3360 casibus
984 3287 1162 3361 subvenire
1185 3287 1386 3383 cupientes,
1411 3290 1451 3361 de

482 3388 638 3491 pluribus
653 3420 760 3489 pauca
772 3395 856 3482 ,sed
869 3395 1042 3470 m'anisesia
1057 3397 1247 3472 libabimus.
1267 3399 1357 3470 Nam
1378 3399 1451 3471 ani·

486 3500 587 3573 maiia
610 3501 669 3573 sub
690 3503 811 3574 sessore
827 3503 885 3575 vel
906 3526 1012 3576 onere
1027 3504 1129 3576 dolor
1146 3506 1276 3578 ventris
1289 3505 1451 3602 frequen·

485 3628 538 3680 ter
563 3609 699 3706 affligit,
727 3629 766 3683 ut
794 3613 1053 3686 volutentur&
1074 3616 1308 3707 procumbant.
1329 3621 1452 3690 Semen

483 3714 598 3811 itaque
621 3737 705 3791 rutae
725 3719 882 3793 silvestris
897 3722 953 3793 vel
975 3721 1158 3807 hortensis,
1173 3723 1197 3793 sr
1212 3722 1269 3794 illa
1286 3724 1452 3812 desuerit,

485 3824 665 3921 diligenter
683 3825 799 3897 tritum
816 3851 894 3899 cum
908 3828 994 3902 vino
1011 3827 1122 3899 calido
1135 3828 1325 3924 per'sauces
1342 3855 1452 3926 opor·

482 3930 683 4007 tetinsundi.
697 3936 856 4006 Praeterea
870 3961 1005 4032 aquam,
1019 3934 1055 4006 in
1067 3960 1132 4031 qua
1147 3935 1251 4036 usque
1265 3941 1307 4010 ad
1317 3941 1452 4012 tertiam

483 4041 571 4114 betae
579 4044 726 4117 decodae
739 4043 827 4132 sunt,
840 4044 1043 4139 succumque
1051 4069 1166 4118 earum
1182 4049 1273 4119 nitro
1287 4049 1373 4120 trito
1388 4050 1454 4122 sol·

483 4145 586 4223 letter
599 4152 779 4242 admisces,
795 4153 932 4250 oleique
947 4155 1046 4227 addes
1063 4156 1232 4228 heminam
1246 4210 1256 4245 ,
1270 4159 1455 4252 tepesabia·

483 4258 597 4352 quein
608 4260 801 4333 intestinum
813 4287 871 4355 per
884 4262 1062 4360 clysterem
1076 4263 1252 4351 diffundes,
1266 4256 1345 4338 curn
1358 4269 1456 4362 prius

480 4391 631 4477 pronum
651 4373 776 4454 animal
789 4373 940 4449 statuetis
951 4427 965 4466 ,
985 4395 1023 4449 ut
1039 4374 1197 4473 injedum
1217 4378 1259 4452 ad
1284 4378 1455 4463 interiora
