3875 5759
472 907 475 920 ι
625 842 992 958 Ακτιςνετῐκιη
1019 882 1118 955 nvn
1143 883 1331 958 nuuont.
1388 908 1458 985 359

436 1109 439 1116 .
494 1038 680 1113 contritum
703 1039 864 1113 ciminum
880 1063 958 1112 cum
980 1038 1093 1135 pirula
1116 1040 1153 1114 δι
1176 1037 1397 1136 axungia‚ut
1416 1040 1460 1112 li·

493 1145 717 1218 militudinem
745 1148 916 1246 malagmae
942 1146 1086 1233 habeat,
1111 1144 1306 1241 impositum
1327 1145 1458 1243 plagae,

493 1254 677 1351 perniciem
692 1254 882 1329 submovet.
896 1255 1005 1349 Quod
1018 1253 1056 1343 fi,
1071 1270 1251 1349 antequam
1261 1270 1375 1324 tumor
1390 1253 1458 1325 dis·
1552 1293 1555 1297 ⁴

492 1364 660 1454 curiatur,
680 1366 875 1465 suppuratio
894 1368 995 1441 fuerit
1017 1384 1198 1467 generata,
1221 1364 1388 1460 optimum
1409 1364 1458 1438 est

491 1472 590 1571 ignea
619 1474 741 1549 lamina
767 1478 822 1551 vel
851 1477 1002 1550 cauterio
1029 1473 1267 1549 colledlionem
1294 1472 1457 1570 aperire,

490 1581 657 1678 quidquid
670 1582 831 1656 vitiosum
853 1585 899 1657 esl
912 1584 1047 1657 inurere
1061 1638 1071 1672 ‚
1087 1603 1186 1679 atque
1202 1582 1247 1654 ita
1260 1608 1337 1657 cum
1351 1581 1456 1680 liqui·-

490 1690 533 1766 da
547 1690 671 1787 pice&
683 1692 763 1766 oleo
779 1693 919 1767 illinere.
939 1685 1089 1787 Quidam
1104 1692 1225 1764 vivum
1238 1716 1366 1763 murem
1380 1709 1456 1766 arae
1492 1746 1497 1754 ,

489 1821 592 1871 neum
604 1820 695 1873 creta
709 1800 836 1899 figulari
855 1800 1088 1883 circumdant,
1102 1801 1138 1871 δι
1151 1794 1246 1868 collo
1259 1795 1365 1869 boum
1382 1797 1455 1878 sus-

487 1910 867 2006 pendunt‚morsusque
887 1909 988 2004 ipsius
1005 1907 1117 1979 bestia:
1130 1904 1346 1979 submovent.
1358 1909 1454 1981 Ocu·
1506 1929 1522 1975 “.

486 2017 601 2091 lorum
621 2021 704 2094 vitia
723 2010 867 2116 plurima
885 2018 1004 2107 inillis
1022 2018 1189 2089 sanantur.
1212 2040 1288 2087 nam
1305 2014 1375 2087 sive
1397 2014 1453 2087 in·

488 2143 711 2214 tumuerunt,
733 2151 819 2222 aqua
835 2125 939 2198 mulsa
953 2125 1084 2199 triticea
1099 2123 1205 2197 farina
1218 2122 1453 2219 conspergitur

487 2235 526 2305 δι
546 2232 753 2328 imponitur:
768 2234 839 2306 five
853 2235 965 2308 album
983 2235 1017 2306 in
1030 2234 1218 2321 oculoffesl,
1242 2232 1314 2305 salis
1330 2231 1451 2306 foffitis

485 2341 627 2439 Hispani
640 2346 697 2417 vel
716 2346 928 2435 Armeniaci,
943 2347 999 2419 vel
1017 2373 1093 2420 cum
1108 2345 1207 2419 melle
1221 2343 1380 2443 permixti
1395 2346 1452 2417 vi·

485 2450 570 2525 tium
594 2473 788 2555 extenuant.
808 2457 897 2530 ldem
923 2455 1054 2555 praellat
1072 2458 1150 2530 trita
1173 2455 1272 2548 sepiae
1289 2455 1388 2540 testa.
1411 2458 1451 2530 δι

485 2586 547 2658 per
557 2559 699 2636 fistulam
711 2567 817 2638 oculo
830 2583 882 2639 ter
896 2566 930 2639 in
945 2568 998 2638 die
1010 2564 1182 2637 insufflata.
1194 2563 1333 2637 Prodest
1347 2561 1449 2635 etiam

485 2673 605 2765 radix,
621 2701 725 2773 quam
745 2675 860 2747 Graeci
871 2674 1025 2771 ¹silphion
1043 2692 1195 2761 vocant,
1208 2672 1316 2746 nollri
1334 2690 1449 2747 autern

485 2781 700 2879 laserpitium,
718 2780 912 2875 hujusmodi
932 2800 1097 2878 quantum
1114 2781 1267 2860 volueris
1288 2780 1451 2878 ponderis

485 2907 565 2960 cum·
585 2886 714 2961 decima
736 2904 830 2984 parte
856 2885 931 2960 salis
958 2886 1149 2961 Armeniaci
1174 2891 1212 2963 δι
1237 2913 1316 2961 eum
1340 2886 1447 2961 fillula

447 3011 450 3017 '
484 2998 592 3070 oculo
610 2998 764 3098 insufflas.
778 3023 854 3097 quae
876 2999 973 3071 radix
994 2997 1113 3087 tunsa,
1128 3001 1165 3073 ὃ(
1180 3024 1257 3073 curn
1278 2997 1359 3073 oleo
1373 2998 1447 3070 len·

422 3122 425 3127 “
483 3105 556 3182 tisci
568 3107 687 3197 miirta,
703 3108 1012 3205 vitiumexpurgat.
1026 3108 1059 3179 Si
1069 3133 1164 3207 genae
1173 3109 1351 3182 humorem
1365 3133 1447 3206 pro·

482 3215 650 3310 fundunt,
664 3219 877 3318 lacrimisque
895 3219 985 3293 visus
999 3217 1220 3293 confunditur
1233 3216 1447 3318 (quam'epi·

482 3330 626 3426 phorum
652 3328 814 3429 vocant)¹
830 3330 968 3427 polenta
993 3356 1035 3402 ex
1061 3330 1193 3405 hordeo
1209 3328 1325 3402 mulsae
1350 3355 1445 3427 aque
1593 3341 1605 3356 ‘

483 3436 663 3533 conspersa
684 3437 780 3533 super
796 3462 899 3535 genas
909 3436 1149 3543 superciliaque
1163 3435 1318 3533 impolita
1340 3437 1445 3532 repri-

483 3543 547 3613 mit
564 3544 754 3648 humorem.
776 3543 942 3616 Pallinaca
965 3543 1444 3641 quoqueagreslis‚quamar·¹

481 3653 701 3723 moneaeeam
719 3667 870 3739 vocant,
884 3676 964 3725 cum
982 3652 1082 3726 melle
1097 3654 1176 3727 trita
1196 3653 1377 3728 oculorum
1392 3652 1445 3727 se·
1471 3656 1476 3668 '
1598 3702 1601 3708 ·

473 3758 540 3829 'dar
557 3757 724 3833 dolorem.
747 3759 943 3835 Memineris
962 3786 1071 3851 vero,
1083 3763 1216 3859 quoties
1232 3764 1297 3838 mel
1313 3763 1446 3835 aliosve

481 3867 602 3942 succos
621 3868 772 3942 remedio
786 3869 946 3954 adhibes,
968 3887 1006 3945 ut
1020 3871 1111 3967 prius
1134 3871 1209 3966 pice
1227 3871 1442 3968 liquidarum

482 3977 564 4049 oleo
588 3977 816 4072 circumlinias
830 3979 976 4069 oculos,
993 4006 1035 4052 ne
1047 4007 1066 4054 a
1077 3980 1197 4055 muscis
1208 3978 1370 4075 apibusve
1384 3978 1442 4053 vel

482 4084 594 4180 vespis
606 4086 825 4177 infestentur,
843 4114 925 4186 quas
937 4088 1082 4165 dulcedo
1095 4090 1205 4164 mellis
1214 4087 1349 4163 invitat.
1361 4088 1443 4161 Plu-

484 4192 674 4293 rimumque
694 4197 841 4283 hirudo,
867 4198 902 4272 id
925 4199 993 4291 est,
1013 4195 1233 4298 sanguisuga,
1255 4223 1333 4273 cum
1357 4198 1444 4273 soris

481 4298 578 4403 juxta
591 4298 704 4379 fauces
716 4306 1043 4411 haret,sanguinem
1056 4309 1292 4395 trahit,eama
1304 4306 1441 4404 jumen·
1539 4371 1541 4375 ,
