3875 5759
1348 705 1365 748 l

391 929 396 945 ·
502 910 546 986 u
620 903 1360 1020 rnnunurtuurrtrr

496 1071 702 1170 languentia.
722 1070 812 1145 Situ's
831 1095 918 1145 vero
942 1085 1106 1143 terramm
1131 1093 1241 1167 neque
1264 1069 1406 1167 planus,
1419 1087 1459 1148 tat

495 1184 645 1281 {lagnet;
664 1207 774 1280 neque
790 1197 980 1279 praert'tptus
989 1233 1002 1268 ,
1015 1199 1053 1251 ut
1065 1178 1209 1265 defluau
1227 1205 1338 1277 neque
1352 1182 1457 1254 obru-

497 1313 574 1379 tus,
596 1316 634 1365 ur
648 1292 685 1363 in
702 1290 805 1364 imum
828 1289 952 1384 dejesle
980 1288 1070 1362 valle
1088 1288 1251 1375 subsidam
1273 1314 1383 1386 neque
1402 1317 1456 1364 ar·-

495 1404 602 1491 duus,
623 1420 661 1476 ut
677 1400 885 1500 tempestates
902 1399 1086 1473 immodice
1104 1398 1283 1497 sentiat&
1301 1400 1455 1477 calores:

495 1513 552 1587 sed
565 1538 608 1586 er
628 1513 680 1585 his
692 1512 851 1585 omnibus
863 1510 954 1585 utilis
976 1510 1101 1605 semper
1117 1509 1163 1582 esi
1176 1531 1308 1607 aequata
1322 1513 1455 1586 medio·

494 1623 618 1713 tritas,
639 1624 678 1696 δι
702 1622 756 1696 vel
778 1644 913 1716 campus
931 1619 1098 1715 apertior,
1118 1618 1352 1692 &humorem
1377 1620 1453 1716 plu·

491 1730 589 1805 vium
611 1731 708 1805 clivo
725 1729 862 1802 fallente
882 1728 1089 1813 subduceus;
1110 1727 1168 1798 vel
1186 1727 1284 1800 collis
1305 1730 1454 1816 molliret

492 1865 554 1939 per
568 1842 668 1913 latera
681 1839 843 1915 inclinata
854 1839 1028 1924 dedudus3
1043 1836 1099 1910 vel
1113 1836 1209 1911 vallis
1222 1862 1298 1912 cum
1311 1842 1452 1935 quadam

432 1940 452 1990 ¹·
481 1948 802 2035 ‚moderatione,&
825 1945 911 2020 aeris
934 1945 1068 2019 laxitate
1091 1944 1262 2035 submisla3
1281 1949 1337 2021 vel
1352 1973 1451 2024 mons

421 2052 423 2058 ’
488 2058 628 2132 alterius
644 2055 803 2132 culminis
822 2054 974 2128 defensus
990 2055 1122 2148 objenu
1133 2111 1145 2142 ‚
1158 2058 1195 2127 δι
1211 2081 1229 2127 a
1244 2058 1450 2132 molestiori·

491 2171 556 2243 bus
576 2169 687 2242 ventis
697 2168 813 2264 aliquo
826 2166 1076 2254 liberauxilio,
1091 2166 1149 2238 vel
1163 2164 1329 2257 sublimis,
1343 2169 1450 2265 asper,
1464 2175 1466 2180 ’

356 2288 358 2293 ’
491 2278 547 2351 sed
573 2275 771 2348 nemorosus
796 2277 834 2348 δι
854 2274 1023 2346 herbidus.
1053 2273 1117 2344 Sed
1139 2297 1217 2346 cum
1243 2273 1307 2347 sint
1330 2302 1449 2373 genera

491 2405 653 2459 terrarum
674 2381 839 2478 plurima,
852 2398 890 2451 ut
913 2378 1045 2476 pinguis
1063 2398 1121 2451 aut
1135 2405 1244 2453 macra
1256 2434 1269 2471 ,
1283 2381 1377 2479 spissa
1393 2390 1448 2463 vel

489 2519 586 2580 rara,
603 2493 687 2564 srcca
705 2490 759 2561 vel
774 2490 910 2561 humida
920 2543 933 2578 ,
949 2492 987 2564 &
1001 2515 1045 2562 ex
1064 2489 1115 2561 his
1133 2491 1290 2589 pleraque
1305 2496 1448 2592 vitiosa,

489 2621 602 2676 tamen
619 2597 941 2697 propter-seminum
961 2598 1183 2673 differentiam
1203 2601 1287 2697 saepe
1300 2596 1446 2682 necessa·

485 2715 537 2787 ria
554 2713 720 2799 maxime,
737 2710 821 2784 ficut
838 2709 935 2804 supra
950 2711 1046 2801 dixi,
1060 2711 1231 2807 eligendus
1246 2715 1292 2785 esi
1312 2716 1447 2817 pinguis
1487 2701 1491 2724 ¹

485 2849 526 2897 ac
538 2821 702 2896 resolutus
722 2845 801 2919 ager
811 2819 896 2917 ,qui
910 2820 1089 2896 minimum
1102 2822 1251 2897 laborem
1270 2829 1396 2921 poscit,
1410 2836 1448 2910 δι

478 2936 630 3007 'studium
645 2933 827 3002 maximum
842 2932 961 3007 reddit.
978 2934 1122 3016 Secundi
1136 2935 1247 3007 meriti
1260 2937 1306 3008 est
1319 2937 1446 3035 spissus,

485 3043 546 3138 qui
560 3040 677 3110 labore
688 3038 824 3133 quidem
842 3039 1015 3129 maximo,
1029 3058 1140 3113 tamen
1156 3044 1198 3114 ad
1214 3065 1295 3117 vota
1310 3046 1445 3143 respon·

485 3153 554 3224 det.
572 3148 657 3220 lllud
672 3170 758 3220 vero
776 3146 992 3219 deterrimum
1006 3174 1109 3245 genus
1121 3151 1187 3238 est,
1200 3154 1295 3247 quod
1309 3156 1373 3228 erit
1386 3157 1445 3231 sic·

487 3286 565 3335 cum
581 3258 677 3331 simul
691 3259 730 3331 δι
742 3255 895 3353 spissum,
910 3260 947 3330 dt
960 3284 1110 3333 macrum
1125 3260 1182 3333 vel
1194 3260 1375 3359 frigidum:
1387 3265 1444 3366 qui

482 3395 562 3470 ager
577 3370 719 3467 pestiferi
741 3395 838 3442 more
851 3370 1028 3467 fugiendus
1042 3370 1101 3445 esi.

535 3486 593 3551 vt
615 3480 680 3551 Sed
699 3479 760 3551 ubi
774 3480 868 3569 hac,
882 3504 958 3575 quae
972 3481 1134 3554 naturalia
1148 3480 1243 3571 sunt,
1259 3485 1444 3581 nequatur

483 3614 583 3668 mana
604 3612 672 3686 ope
690 3591 798 3662 curari
818 3590 973 3686 possunt,
990 3590 1182 3689 diligentius
1204 3593 1442 3685 aestimaveris,

481 3699 620 3795 exsequi
640 3718 674 3772 te
695 3700 862 3774 convenit
875 3719 1109 3800 partemque
1132 3703 1230 3776 restat
1250 3704 1444 3783 industria:

477 3811 580 3910 'cujus
594 3814 665 3887 haec
679 3815 743 3886 erit
764 3839 844 3887 cura
861 3813 917 3885 vel
938 3808 1103 3905 maxima,
1118 3835 1155 3887 ut
1170 3817 1247 3904 has,
1261 3842 1342 3913 quas
1363 3818 1440 3891 sub·

479 3920 566 4018 jeci,
583 3947 624 3993 err
639 3922 735 3994 omni
749 3948 853 4017 opere
872 3922 999 3996 rustico
1019 3924 1053 3993 in
1071 3925 1187 4019 primis
1204 3926 1325 3997 debeas
1346 3948 1438 4000 tene·

374 4057 378 4063 ·
481 4055 518 4103 re
537 4031 724 4104 sententias.
745 4032 919 4104 Praesentia
943 4031 1074 4103 domini
1092 4034 1272 4129 provesius
1289 4034 1336 4106 esl
1359 4033 1439 4134 agri.

480 4140 593 4212 Color
613 4161 710 4213 terrae
733 4167 803 4212 nnn
823 4167 1025 4240 magnopere
1044 4144 1264 4232 desideretur,
1281 4145 1360 4239 quia
1378 4149 1439 4217 bo·

482 4247 594 4318 nitatis
615 4249 764 4321 incertus
775 4250 821 4321 est
841 4253 967 4323 audior.
989 4253 1122 4323 Genera
1143 4252 1297 4323 omnium
1320 4253 1439 4329 surcue

482 4353 594 4430 lorum
610 4358 665 4435 vel
679 4356 813 4457 frugum
827 4358 1010 4457 praelata,
1023 4359 1079 4433 sed
1091 4360 1188 4437 tertis
1202 4360 1269 4437 tuis
1283 4384 1444 4461 experta,
