3875 5759
510 850 535 976 J
605 868 738 941 nnus
763 867 981 941 vernam.
1009 843 1108 941 sua
1134 871 1322 947 muron.
1376 898 1446 972 295

485 1026 637 1100 heminas
652 1052 711 1125 per
734 1025 842 1123 capita
864 1025 1137 1125 animalium-per
1158 1027 1304 1101 triduum
1329 1029 1422 1104 dabis
1435 1084 1456 1122 ,-

488 1154 526 1207 ut
539 1134 636 1232 potio
652 1154 805 1218 ventrem
825 1133 985 1209 resolvat.
998 1137 1061 1210 Sed
1073 1136 1097 1209 fi
1110 1135 1198 1211 ultra
1210 1139 1350 1213 modum
1363 1138 1447 1212 flue·

485 1272 524 1319 re
542 1246 711 1346 coeperit,
731 1247 926 1322 lenticulam
951 1250 989 1323 δι
1012 1248 1179 1322 hordeum
1200 1247 1271 1347 pari
1293 1249 1448 1323 mensura
1585 1266 1588 1271 ’

486 1354 614 1454 friges,
633 1355 728 1433 &de
748 1356 806 1431 his·
818 1356 961 1455 fingulas
982 1356 1119 1435 bilibres
1137 1359 1197 1455 per
1211 1357 1282 1431 dies
1299 1356 1449 1457 lingulos
1503 1434 1506 1440 ,

486 1493 563 1542 curn
579 1469 705 1546 furfure
726 1473 764 1546 δι
782 1462 887 1568 paleis
908 1469 1012 1546 dabrs.
1025 1474 1189 1569 Qurnque
1203 1487 1316 1567 rtaque
1330 1469 1450 1542 diebus

485 1599 626 1672 operam
642 1576 819 1652 refeeioni
840 1567 911 1674 eius
929 1576 1125 1676 impendes,
1149 1579 1187 1652 ὅ(
1207 1577 1330 1652 leviter
1347 1604 1453 1651 exer--

485 1686 576 1760 cebis
587 1742 602 1776 ,
623 1707 659 1760 ut
679 1689 870 1788 intelligas,
889 1714 1051 1786 quantum
1077 1688 1165 1762 vires
1187 1686 1343 1784 corporis
1359 1687 1447 1761 sani·
1532 1755 1535 1766 .

484 1795 598 1893 tasque
609 1796 803 1894 profecerit.
820 1798 900 1870 Post
916 1799 989 1870 haec
1003 1822 1081 1869 eum
1099 1820 1163 1893 pro
1176 1794 1316 1868 arbitrio
1331 1796 1449 1893 despu-

482 1906 601 1981 mabis.
622 1895 792 2007 Sequente
816 1906 870 1979 die
891 1923 992 2000 caput
1013 1902 1085 1997 ejus
1109 1902 1266 2000 purgabis
1285 1899 1420 1977 exorica
1433 1959 1449 1991 ‚

483 2016 543 2090 uel
562 2018 674 2091 radice
694 2016 856 2091 Dianaria
869 2068 881 2106 ,
895 2038 996 2110 quam
1016 2012 1225 2088 Artemisiam
1239 2011 1402 2087 dicimus:
1422 2014 1449 2085 li

484 2125 558 2199 haec
580 2150 654 2197 non
673 2125 802 2199 suerint
813 2178 825 2213 ,
844 2149 888 2197 ex
911 2122 1093 2220 liquamine
1116 2122 1250 2223 optimo
1269 2148 1347 2198 cum
1366 2123 1450 2197 oleo

484 2234 608 2307 mixto.
626 2232 721 2329 cuius
745 2253 845 2332 caput
858 2232 1025 2331 pedesque
1045 2233 1229 2309 connedlis.
1249 2235 1336 2308 Cum
1360 2234 1448 2307 bene

483 2365 662 2442 purgatum
676 2344 877 2443 agnoveris,
892 2344 1022 2440 solvito
1035 2399 1045 2436 ‚
1059 2346 1223 2445 butyrum
1236 2372 1277 2419 ex
1292 2345 1374 2418 oleo
1390 2353 1451 2417 ’τοιΙ

484 2451 542 2525 seo
563 2452 713 2527 solutum
732 2453 890 2532 infundes
907 2455 943 2528 in
959 2480 1053 2530 nares
1067 2510 1082 2545 ,Ἴ
1096 2475 1134 2530 ut
1151 2455 1214 2530 illo
1235 2454 1449 2554 purgationis

482 2560 655 2661 mitigetur
676 2561 853 2660 asperitas,
877 2564 924 2637 ita
943 2561 982 2635 u't
1004 2562 1140 2660 lingulae
1162 2562 1288 2662 cotyla».
1312 2562 1450 2659 fingulis

482 2672 620 2746 naribus
641 2672 873 2746 infundantur.
892 2672 926 2745 Si
949 2672 1046 2766 supra
1068 2669 1164 2742 dislae
1186 2670 1348 2766 potiones
1374 2695 1449 2745 non

482 2781 651 2855 solverint
671 2800 856 2869 ventrem,
878 2780 1009 2869 mellis,
1031 2777 1198 2858 hellebori
1221 2778 1288 2850 albi
1311 2780 1449 2874 pondus

482 2888 585 2962 unius
606 2876 735 2962 denarii
756 2914 834 2962 cum
847 2888 983 2964 hemina
1005 2887 1111 2964 dulcis
1131 2886 1205 2960 vini
1227 2887 1313 2962 bene
1332 2887 1448 2962 tritum
1603 2913 1607 2918 ·

483 2998 519 3073 in
539 2997 685 3097 potione
706 3000 867 3098 recipiat,
884 3001 943 3073 vel
964 3021 1055 3075 certe
1079 2998 1294 3075 scammoniae
1315 3001 1454 3097 pondus
1490 3092 1493 3100 Ι

484 3110 631 3182 duorum
644 3109 861 3185 denariorum
875 3112 1054 3211 diligenter
1071 3110 1163 3186 trirae
1176 3112 1252 3185 c‘um
1268 3111 1375 3187 dulcis
1395 3114 1450 3188 vi·

480 3218 521 3291 ni
539 3218 674 3296 hemina
687 3219 785 3294 fimili
804 3221 938 3297 ratione
954 3219 1124 3297 diffundes
1142 3219 1177 3294 in
1197 3219 1319 3296 fauces.
1342 3222 1452 3316 Quod

481 3330 507 3406 fi
527 3352 648 3407 venter
661 3333 751 3407 ultra
767 3333 909 3406 modum
930 3331 1105 3406 dissolutus
1123 3327 1302 3405 discrimen
1319 3330 1448 3429 impor-

482 3456 555 3529 tat,
576 3439 798 3538 anagallicurn
831 3440 936 3515 succo
968 3440 1107 3537 ptisanae
1132 3440 1180 3540 ad¹
1203 3437 1450 3515 restrislionem

482 3545 585 3641 ipsius
597 3542 691 3617 dabis
702 3544 989 3644 ,lenticulamque
999 3547 1215 3626 &hordeum
1228 3546 1366 3638 frixum,
1380 3548 1449 3622 lin·

482 3654 577 3753 gulas
597 3653 733 3728 bilibres
749 3682 827 3731 cum
841 3656 944 3756 paleis
957 3659 997 3732 δι
1014 3655 1144 3732 furfure
1163 3658 1327 3756 praebebis
1344 3659 1380 3732 in
1397 3658 1449 3736 ci-

482 3766 546 3839 bo.
562 3766 613 3840 Ad
631 3764 808 3858 ultimum,
823 3786 951 3863 partes,
966 3793 1043 3865 quae
1055 3767 1094 3848 in
1110 3767 1206 3843 causa
1221 3770 1316 3861 sunt,
1329 3768 1451 3864 sinapi·¹

486 3876 577 3950 rabis
593 3875 790 3975 diligenter,
810 3877 1027 3977 smapizatum
1049 3897 1186 3954 cautere
1211 3876 1344 3965 ferreo,
1367 3876 1423 3950 vel
1435 3907 1455 3969 ,·

485 3985 580 4082 quod
602 3986 719 4060 utilius
732 3987 900 4080 creditur,
914 3985 1061 4086 cuprino
1075 3988 1276 4079 combures,
1297 3986 1370 4064 ulla
1388 4012 1449 4060 cu·

485 4112 618 4167 raturus
645 4120 693 4168 err
715 4120 822 4170 more.
848 4099 1030 4174 Potionem
1058 4123 1197 4198 quoque
1221 4124 1265 4173 ex
1292 4097 1453 4172 antidoto.

486 4202 686 4302 polygrello
700 4232 760 4303 per
772 4206 840 4282 dies
855 4207 1019 4306 plurimos
1038 4207 1149 4299 dabis,
1162 4208 1385 4286 &exercebis
1398 4203 1450 4282 le'·

488 4309 603 4413 viter,
614 4314 653 4390 δι
666 4316 709 4390 ad
721 4317 848 4394 cibaria
859 4318 959 4420 ipsius
976 4318 1104 4421 aliquid
1117 4338 1302 4519 perpaptes
1320 4316 1452 4418 semper
