3875 5759
476 855 547 985 nis
619 875 1173 983 ‘vecerttttu
1222 912 1248 984 1.

475 1070 628 1145 ficultate
657 1094 823 1143 coronam
850 1069 1043 1143 velocitatis
1072 1071 1269 1167 optantibus
1288 1069 1445 1171 ingerit,

474 1177 607 1279 inquo
632 1178 741 1276 spatio
766 1204 844 1252 cum
869 1202 974 1276 equus
1003 1178 1266 1276 frequentissime
1292 1183 1447 1258 exerceri
1513 1180 1516 1188 ’

473 1290 640 1388 coeperit,
653 1290 689 1360 in
703 1289 781 1364 illos
794 1288 919 1362 aulices
932 1288 1114 1361 necessario
1125 1288 1287 1380 offendit,
1299 1292 1337 1365 δι
1349 1292 1447 1388 prio·

475 1429 531 1477 res
550 1400 810 1497 &posteriores
830 1399 974 1497 ungulas
995 1398 1173 1497 impingit,
1196 1398 1446 1497 &aliquando

474 1512 537 1587 vel
551 1508 731 1600 cadit,vel
751 1508 798 1582 stc
812 1506 974 1597 offendit,
989 1526 1027 1580 ut
1048 1511 1166 1585 cadere
1179 1508 1354 1598 videatur,
1366 1512 1446 1607 post

475 1621 572 1716 quod
591 1618 783 1692 admonitus
804 1614 951 1714 injuria,
972 1616 1065 1690 tollit
1077 1616 1177 1690 altius
1198 1625 1315 1702 crura,
1330 1620 1368 1692 δι
1389 1620 1446 1691 ἰη-

476 1726 640 1826 sleslibne
649 1725 883 1823 geniculorum
896 1741 998 1819 atque
1012 1725 1207 1822 gambarum
1223 1726 1372 1796 molliter
1385 1753 1447 1803 ve·

475 1841 539 1913 hit.
557 1840 717 1910 Praeterea
729 1835 881 1909 minutos
895 1834 1020 1933 gressus
1038 1834 1187 1907 imitatur
1200 1888 1212 1925 ,
1224 1853 1263 1907 ut
1280 1836 1369 1907 inter
1381 1862 1446 1907 au·

419 1952 424 1960 ’
476 1950 560 2023 lices
573 1947 715 2046 ungulas
734 1964 850 2045 ponat.
870 1969 948 2017 nam
969 1944 993 2016 fi
1010 1944 1191 2020 extendere
1204 1944 1374 2034 voluerit,
1388 1944 1447 2017 of·
1521 1982 1524 1996 ·

475 2058 587 2134 fendit
601 2052 644 2132 in'
653 2058 837 2133 cumulum.
851 2052 1012 2130 Minutini
1027 2077 1137 2130 autem
1151 2081 1258 2153 equus
1270 2056 1446 2134 ambulans

477 2168 697 2242 commodius
721 2167 836 2256 vehit,
865 2172 903 2242 &
927 2154 1107 2263 pulchrius
1122 2165 1258 2242 videtur
1279 2167 1447 2244 incedere.

449 2267 643 2352 ''Potione's
665 2276 766 2349 etiam
780 2278 939 2351 hiemales
953 2276 1151 2374 aestivasque
1167 2276 1446 2374 conscripsimus,

477 2384 603 2484 quibus
620 2406 678 2459 aut
699 2386 920 2460 conservetur
934 2384 1053 2459 sanitas
1073 2406 1254 2484 perpetua,
1268 2406 1329 2461 aut
1343 2389 1447 2462 vehe-

478 2520 577 2571 mens
598 2496 763 2594 aegritudo
787 2494 943 2589 pellatur.
1257 2589 1260 2594 ‚

528 2609 629 2680 LVll.
646 2608 742 2681 Dum
762 2606 858 2680 aeslus
875 2605 1070 2696 incanduit,
1084 2607 1158 2680 haec
1173 2607 1273 2703 potio
1288 2604 1447 2679 animali·
1496 2684 1501 2697 ,

477 2715 545 2791 bus
573 2713 856 2806 commodaest,
882 2714 961 2811 quia
986 2714 1155 2787 humeslat
1177 2718 1215 2790 δι
1241 2714 1448 2812 refrigerat:

475 2824 587 2900 ,Croci
609 2826 744 2900 unciam
763 2851 864 2898 unam
880 2824 1045 2909 infundes
1059 2825 1095 2897 in
1117 2824 1204 2898 vino
1223 2826 1355 2912 veteri,
1371 2826 1447 2898 dra·

480 2936 574 3034 ganti
592 2936 711 3009 uncias
731 2954 798 3008 tres
819 2933 975 3006 infundes
996 2935 1031 3005 in
1052 2958 1137 3030 aqua
1164 2931 1290 3021 calida,
1306 2934 1358 3006 his
1385 2934 1445 3006 ad·
1518 2964 1520 2968 ·

478 3045 601 3139 junges
617 3041 813 3116 fasciculu'rir
834 3044 954 3117 viridis
976 3036 1071 3138 porri
1093 3043 1227 3131 t,item
1249 3042 1446 3117 fasciculum

479 3149 604 3221 viridis
618 3148 706 3244 apii,
719 3150 831 3222 herbae
844 3152 1029 3245 portulacae
1045 3150 1135 3225 succi
1149 3151 1339 3238 heminam,
1355 3150 1448 3223 l'aslis
1458 3220 1477 3254 s

480 3253 613 3352 caprini
640 3254 801 3328 sextarios
822 3280 909 3347 tres,
934 3281 1003 3329 ova
1027 3258 1177 3355 septem,
1201 3259 1269 3333 olei
1292 3258 1379 3331 rosei
1405 3261 1447 3332 li·

480 3365 601 3456 hrain,
613 3365 722 3439 mellis
742 3364 856 3439 uncias
883 3366 1014 3463 3,paffi
1030 3367 1207 3442 sextarium
1227 3396 1264 3457 1,
1280 3366 1352 3440 vini
1380 3392 1446 3439 ve·

480 3478 564 3553 teris
582 3477 677 3573 quod
695 3474 847 3548 sufficiat.
875 3502 917 3548 ex
937 3472 1062 3573 'quibus
1087 3479 1245 3551 omnibus
1269 3476 1447 3574 diligenter

480 3582 678 3663 commixtis
694 3602 795 3680 atque
813 3584 989 3673 contritis,
1018 3586 1060 3658 ad
1079 3610 1188 3658 cornu
1213 3610 1272 3683 per
1296 3586 1446 3657 triduum

480 3691 643 3788 sextarios
669 3692 819 3791 hugulos
847 3694 1046 3768 animalibus
1070 3695 1174 3769 dabis.
1202 3695 1277 3768 Alia
1307 3717 1446 3791 quoque

479 3801 729 3901 refrigeratoria
750 3798 849 3897 potio
871 3832 879 3875 :
903 3803 986 3876 Vini
1007 3805 1129 3876 veteris
1152 3803 1357 3890 sextarium,
1377 3803 1446 3877 olei

478 3912 604 3984 libram
619 3910 737 3999 semis,
750 3936 819 3983 ova
841 3913 925 4002 tria,
940 3912 1028 3986 succi
1041 3914 1212 3986 coriandri
1227 3913 1393 4011 cyathum
1412 3939 1446 3998 1,

467 4019 689 4094 laslucarum
713 4023 876 4119 cyathum
905 4050 947 4115 r,
967 4023 1119 4097 sollerter
1140 4026 1320 4108 admisces,
1345 4024 1385 4095 δι
1410 4024 1448 4095 ἱη

431 4227 433 4229 v
482 4151 551 4205 tres
571 4131 701 4207 divides
721 4151 852 4228 partes,
878 4135 1012 4208 daturus
1034 4160 1097 4231 per
1119 4138 1266 4209 triduum
1285 4133 1448 4229 jumentis

481 4241 698 4319 astuantibus
715 4242 854 4316 salutare
869 4246 1066 4317 remedium.
1081 4247 1210 4319 Tamen
1226 4272 1274 4319 eo
1289 4269 1446 4318 momen·

475 4362 552 4442 το,
569 4378 640 4450 quo
662 4354 842 4453 potionem
863 4353 1035 4431 defusutus
1057 4381 1116 4451 ea,
1140 4381 1199 4457 per
1223 4356 1348 4455 singula
1369 4357 1447 4429 ani·
