3875 5759
574 885 1450 1035 „orrnunnrrndrrnu

578 1077 691 1150 donec
706 1075 942 1163 convalescat,
957 1053 1096 1172 appetit.
1111 1079 1211 1172 Amat
1226 1076 1304 1149 loca
1317 1074 1427 1174 aspera
1443 1095 1545 1174 atque

578 1191 706 1270 saxosa.
722 1192 859 1264 Hisdem
884 1190 1003 1265 diebus
1017 1190 1135 1264 seritur
1151 1194 1327 1289 capparis:
1346 1194 1411 1267 late
1422 1192 1547 1289 serpit:

576 1310 681 1384 succo
703 1309 765 1382 suo
779 1310 877 1382 terris
890 1330 1005 1394 nocet.
1029 1309 1205 1384 serendum
1220 1310 1267 1382 esl
1285 1336 1390 1409 ergo,
1405 1337 1446 1386 ue
1462 1337 1546 1409 pro·
1602 1310 1611 1332 ⁸

576 1426 674 1498 cedat
703 1425 872 1517 ulterius,
893 1428 1187 1503 circumveniente
1217 1428 1369 1519 fossato,
1389 1430 1446 1505 vel
1471 1430 1547 1501 luto

536 1639 538 1644 Ι
574 1541 705 1617 ssrudis
730 1536 940 1640 parietibus,
966 1544 1044 1646 solo
1070 1543 1162 1618 srcco
1188 1544 1225 1620 &
1251 1545 1401 1642 gracili:
1428 1545 1549 1618 herbas

574 1655 697 1756 sponte
719 1660 952 1760 persequitur:
975 1660 1076 1735 floret
1095 1660 1217 1734 aestate.
1233 1662 1304 1734 Sub
1323 1660 1444 1734 occasu
1459 1668 1562 1734 Ver·-

574 1777 730 1874 giliarum
755 1779 910 1878 cappatis
933 1778 1064 1852 arescit.
1085 1777 1170 1853 Gitb
1186 1780 1261 1859 boc
1284 1777 1394 1848 mense
1422 1776 1550 1849 ultimo

575 1893 662 1969 bene
694 1897 822 1993 seritur.
858 1900 938 1971 Hoc
966 1896 1079 1970 mense
1109 1894 1306 1969 nasturtium
1334 1893 1478 1964 seremus
1507 1897 1547 1967 δε

575 2013 735 2084 anethum
754 2014 843 2089 loc-is
859 2014 1055 2109 temperatis
1077 2017 1114 2089 δι
1137 2013 1275 2101 calidis,
1291 2015 1328 2087 dc
1349 2013 1476 2085 radices
1492 2014 1544 2086 lo·
1576 2088 1579 2095 ⁴

575 2122 625 2194 cis
639 2123 751 2211 siccis,
764 2128 802 2197 δι
820 2125 1029 2219 pastinacas,
1043 2125 1080 2197 δι
1095 2124 1307 2199 caerefotium
1329 2124 1419 2196 circa
1433 2126 1544 2197 Oclo·

485 2251 534 2335 ’
575 2238 653 2310 bres
676 2220 872 2331 Kalendas,
895 2243 932 2317 δι
952 2242 1117 2332 lactucas,
1140 2246 1179 2316 &
1199 2244 1318 2329 betas,
1343 2244 1381 2317 dc
1407 2243 1544 2321 coriam-2
1605 2284 1609 2292 ·

462 2341 464 2346 ¹
573 2354 693 2461 drum,
712 2357 882 2453 &primis
900 2358 1024 2433 diebus
1041 2385 1121 2457 rapa
1144 2363 1183 2433 &
1205 2384 1326 2456 napos.

444 2461 447 2465 i
625 2474 723 2547 XIV.
738 2476 853 2549 Mense
865 2477 1055 2575 Septembri
1072 2476 1160 2552 circa
1174 2479 1344 2551 Kalendas
1363 2478 1547 2569 OslobreS,

573 2592 633 2667 vel
651 2595 839 2669 Februario
856 2595 1149 2670 tuberesseremus
1162 2596 1282 2671 sobole
1296 2651 1307 2685 ,
1320 2597 1376 2667 vel
1396 2597 1546 2685 nucleis,

548 2754 552 2761 ·
575 2707 674 2805 cujus
696 2722 812 2799 tenera
838 2711 1016 2813 diligenter
1037 2710 1158 2785 nutriri
1178 2711 1276 2784 debet
1301 2709 1454 2788 infantia.
1480 2713 1545 2782 Su·

574 2847 688 2903 matur
705 2823 784 2904 cum
805 2830 976 2905 radicibus
993 2827 1107 2927 planta
1129 2828 1283 2903 divulsa:
1305 2829 1434 2899 bubulo
1460 2828 1547 2901 fimo

404 2933 406 2942 ¹
517 3036 526 3048 ἡ
574 2946 703 3019 linatur
723 2974 764 3021 ac
789 2950 887 3021 luto:
910 2950 1070 3022 statuatur
1091 2949 1207 3046 pingui
1229 2968 1316 3022 terra
1337 2952 1374 3024 δε
1394 2948 1544 3039 subada,

575 3062 713 3134 subditis
735 3064 903 3150 conchis,
925 3068 963 3138 dc
981 3065 1109 3140 marina
1128 3066 1225 3158 alga:
1243 3066 1342 3135 terris
1355 3092 1475 3161 magna
1497 3064 1545 3136 sui

575 3190 669 3273 parte
686 3176 864 3249 condatur.
884 3178 953 3251 Alii
969 3178 1081 3273 pomis
1103 3177 1209 3248 slatim
1236 3204 1339 3271 grana
1361 3181 1547 3255 decussa&

575 3295 647 3371 sole
668 3295 814 3384 siccata,
840 3293 958 3392 pingui
982 3297 1149 3400 &prope
1171 3293 1316 3366 cribrata
1345 3312 1457 3385 terra,
1482 3325 1545 3369 au-

574 3411 714 3483 &umno
737 3408 800 3504 tria
817 3409 913 3482 fimus
935 3430 1094 3507 ponunt,
1110 3436 1188 3509 quae
1205 3409 1359 3485 feruntur
1384 3414 1417 3484 in
1435 3441 1544 3489 unum

573 3529 670 3603 coire
684 3524 869 3624 virgultum
883 3556 893 3601 t
906 3532 1001 3627 quod
1021 3528 1145 3603 affidua
1167 3529 1334 3629 rigatione
1353 3530 1544 3624 juvandum-

575 3644 639 3734 est,
654 3663 757 3740 atque
775 3643 924 3734 fossura,
944 3673 1022 3743 quae
1046 3645 1155 3721 solum
1178 3646 1298 3720 leviter
1320 3646 1469 3745 scalpens
1494 3670 1545 3722 te·

575 3762 765 3866 neritudini
781 3764 889 3838 robur
907 3763 1059 3839 inducat.
1085 3757 1160 3859 post
1181 3789 1307 3837 annum
1330 3766 1470 3855 deinde,
1487 3768 1546 3841 vel

576 3884 754 3981 aliquanto
776 3881 928 3969 tardius,
952 3908 1030 3981 quae
1055 3881 1157 3984 suerit
1181 3882 1223 3953 de
1251 3882 1374 3955 semine
1402 3886 1543 3980 planta,

578 3999 776 4074 transfertur
788 3993 851 4074 t'&
870 4002 938 4075 hoc
959 4012 1081 4099 genere
1104 3999 1227 4072 studius
1244 4002 1347 4082 efficit
1360 4001 1544 4081 dulciores,

576 4116 693 4190 Mense
708 4107 868 4195 Ianuario
886 4117 1013 4191 ultimo
1025 4100 1082 4190 vel
1101 4117 1282 4189 Februario
1300 4118 1454 4190 tuberum
1470 4120 1541 4193 sur-

516 4223 525 4236 *
576 4235 672 4308 culus
694 4233 891 4307 mirabiliter
911 4234 1050 4333 proficit
1065 4235 1222 4334 cydonio
1243 4235 1370 4310 insitus.
1387 4236 1540 4308 inseritur

529 4427 536 4447 x
580 4370 691 4427 autem
710 4352 808 4431 malis
827 4353 1012 4448 omnibus,
1031 4354 1069 4430 ὃ(
1086 4353 1170 4453 pitis
1182 4406 1197 4449 ,
1210 4354 1248 4430 δι
1269 4356 1409 4453 prunis,
1423 4356 1461 4429 δι
1475 4356 1543 4427 Ca-
