3875 5759
572 888 1432 1021 n4rrrnnut1nurtrm

517 1087 532 1112 ⁹
562 1086 671 1161 slatim
687 1112 763 1160 cum
779 1085 925 1175 severis,
940 1113 1025 1184 aqua
1040 1088 1145 1162 calida
1160 1090 1348 1185 perfundas.
1365 1094 1448 1164 Rem
1462 1090 1525 1170 mii

528 1253 531 1276 ,
563 1222 635 1267 ram
658 1196 699 1269 de
720 1196 837 1268 ocimo
851 1197 1014 1269 Martialis
1032 1198 1193 1288 affirmat,
1206 1201 1300 1295 quod
1315 1201 1421 1271 modo
1438 1220 1524 1294 pur-

441 1314 445 1322 '
562 1328 711 1401 puteos,
724 1306 831 1377 modo
852 1306 949 1381 albos
962 1308 1082 1403 flores,
1098 1311 1205 1382 modo
1219 1309 1334 1386 roseos
1348 1309 1471 1407 pariat,
1485 1312 1525 1383 dc

564 1415 643 1487 srex
657 1438 701 1487 eo
719 1414 842 1488 semine
856 1415 1050 1511 frequenter
1065 1415 1209 1508 seratur,
1224 1419 1333 1491 modo
1350 1419 1383 1488 in
1396 1418 1527 1514 serpyl-

559 1521 659 1612 lum,
688 1521 795 1598 modo
822 1525 858 1596 in
886 1523 1104 1624 fisymbriunt
1131 1546 1289 1599 mutetur.
1320 1528 1399 1600 Hoc
1425 1527 1527 1599 etiam

563 1630 676 1704 mense
696 1632 848 1707 melones
870 1636 908 1709 δι
925 1659 1120 1712 cucumeres
1134 1637 1307 1725 seruntur,
1322 1639 1360 1711 δι
1377 1659 1527 1730 porrus,

562 1741 603 1812 dc
621 1740 657 1813 in
675 1744 866 1839 primordio
888 1745 1065 1841 capparis,
1089 1747 1126 1818 δι
1148 1743 1354 1843 serpyllum,
1371 1747 1409 1817 &
1422 1744 1524 1815 colo-

464 1924 466 1928 r
563 1848 659 1923 casrae
679 1851 844 1948 plantaria
865 1875 1056 1948 ponemus,
1077 1853 1115 1927 δι
1134 1853 1275 1928 laslucas
1287 1906 1298 1940 ,
1312 1855 1349 1926 δι
1363 1852 1472 1938 betas,
1486 1851 1525 1923 &

559 1959 712 2056 cepullas
723 2013 736 2049 ,
749 1962 789 2035 δι
802 1962 1021 2038 coriandrum
1037 1962 1204 2051 seremus,
1221 1964 1258 2034 &
1270 1959 1391 2058 intyba
1406 1959 1525 2033 secun·

449 2156 453 2163 Ι
562 2067 607 2142 ὼ
622 2068 777 2159 satione,
799 2072 922 2167 quibus
943 2079 1080 2147 ufamur
1102 2070 1234 2162 aestate,
1250 2071 1288 2147 &
1311 2068 1525 2162 cucurbitas,

564 2179 766 2280 &mentam
785 2180 897 2252 radice
914 2181 972 2254 vel
992 2181 1118 2274 planta.
1292 2179 1294 2183 ⁴

500 2324 504 2332 ·
564 2365 567 2374 ¹
613 2287 673 2357 lV.
689 2286 791 2360 Locis
811 2287 927 2359 calidis
948 2288 1058 2382 Aprili
1081 2290 1193 2362 mense
1212 2281 1387 2387 ziziplium-
1403 2288 1526 2363 consei

563 2416 701 2482 remus,
722 2392 853 2491 frigidis
882 2422 969 2470 vero
997 2396 1091 2490 Majo
1118 2400 1176 2470 vel
1197 2400 1309 2496 lunio.
1336 2417 1425 2472 amat
1447 2399 1526 2472 loca

464 2509 482 2582 ’,
565 2501 694 2592 calida,
713 2503 836 2599 aprica.
858 2505 975 2579 seritur
994 2505 1119 2580 ossibus
1139 2512 1178 2584 dc
1197 2505 1327 2607 slipite,
1349 2512 1386 2583 δι
1402 2509 1528 2604 planta.

565 2610 684 2685 crescit
694 2613 884 2690 tardiffiute.
909 2617 974 2688 Sed
988 2616 1012 2689 fi
1026 2615 1173 2711 plantam
1188 2618 1305 2713 ponis,
1319 2618 1444 2691 Martio
1457 2644 1528 2691 ma·

565 2724 615 2822 gis
636 2724 712 2820 [in]
735 2745 823 2798 terra
835 2725 990 2813 molliast
1005 2727 1137 2808 ossibus.
1152 2727 1259 2819 seras,
1272 2727 1309 2798 in
1325 2727 1442 2801 scrobe
1455 2729 1529 2824 pal·

467 2861 473 2871 ¹
565 2836 670 2925 mari,
693 2836 790 2910 itaut
806 2860 901 2912 terna
921 2862 1021 2935 grana
1041 2861 1101 2934 per
1119 2835 1272 2911 scrobem
1294 2837 1529 2912 cacuminibus

567 2963 740 3040 ponantur
772 2946 925 3018 inversis.
954 2946 1078 3040 quibus
1105 2944 1238 3017 inimo
1267 2945 1305 3020 δι
1331 2944 1368 3016 iu
1394 2943 1530 3019 summo

566 3053 756 3134 affundatur
774 3054 952 3142 laetamen,
970 3057 1009 3129 dc
1034 3055 1140 3141 cinis,
1156 3060 1193 3129 dr
1211 3054 1322 3128 herbis
1344 3055 1530 3131 adnascene

567 3162 657 3234 ribus
677 3186 780 3233 manu
801 3163 915 3257 planta
933 3157 1094 3236 liberetur
1107 3188 1294 3260 erumpens.
1317 3164 1405 3235 Cum
1426 3160 1528 3259 polli-

565 3268 616 3346 cis
629 3267 787 3375 soliditati
796 3272 915 3368 stmilis
930 3271 1049 3361 suerit,
1063 3271 1279 3346 transferatur
1291 3273 1327 3348 in
1340 3272 1456 3347 locum
1471 3295 1528 3365 pa·

429 3441 435 3477 ζ
567 3377 747 3470 dinatum,
768 3380 826 3453 vel
845 3380 880 3453 in
901 3380 1067 3455 scrobem.
1087 3382 1225 3455 Terram
1247 3379 1355 3478 diligit
1378 3390 1451 3453 non
1471 3380 1528 3449 ni·

566 3490 632 3564 mis
652 3488 787 3577 laetam,
807 3486 863 3559 sed
881 3487 1070 3584 proximam
1085 3488 1178 3562 tenui
1199 3507 1299 3590 atque
1312 3486 1444 3583 jejunae.
1464 3488 1528 3561 Per

568 3594 716 3669 hiemem
741 3593 874 3691 prodest
887 3593 961 3684 illi,
980 3614 1017 3667 ut
1031 3595 1120 3670 circa
1133 3595 1287 3672 codicem
1301 3596 1451 3691 lapidum
1465 3620 1527 3668 cu·

565 3705 679 3781 mulus
700 3724 892 3809 aggeretur,
909 3706 967 3805 qui
982 3708 1092 3781 testate
1112 3707 1210 3789 debet
1229 3707 1361 3780 auferri.
1377 3707 1411 3779 Si
1425 3708 1527 3794 arbor

565 3818 638 3891 haec
656 3816 756 3890 tristis
776 3816 847 3906 est,
864 3816 969 3890 ferrea
994 3813 1113 3913 strigili
1134 3812 1265 3888 subrasa
1288 3816 1427 3888 hilarior
1447 3812 1526 3907 fiet,

566 3927 624 4003 vel
638 3925 788 4001 sifimum
798 3919 967 4001 bubulum
982 3925 1149 4000 radicibus
1162 3923 1297 3999 modice
1312 3927 1349 3997 &
1366 3922 1528 4017 frequens

565 4060 618 4110 rer
633 4031 791 4111 affundas.
806 4015 945 4134 Zizipha
965 4034 1105 4109 colleda
1120 4053 1247 4107 matura
1269 4034 1304 4104 iu
1323 4031 1428 4127 longo
1448 4027 1526 4105 vase

565 4147 660 4221 fidili
680 4148 856 4222 servantur
878 4147 1015 4234 oblito,
1032 4146 1069 4218 &
1084 4144 1166 4217 loco
1188 4144 1327 4217 sicciore
1352 4141 1527 4237 compost·

566 4276 628 4334 to:
646 4261 704 4334 vel
727 4279 879 4334 recenter
897 4259 980 4331 lesla
1002 4255 1162 4353 poma‚s1
1181 4255 1283 4353 guttis
1306 4252 1380 4325 vini
1401 4252 1527 4324 veteris

564 4366 761 4465 perfundas,
775 4366 940 4483 efficitur,
956 4388 1000 4439 ne
1018 4387 1058 4437 ea
1074 4387 1233 4464 rugarum
1245 4360 1411 4437 deformet
1425 4377 1525 4438 attraz
1591 4424 1595 4430 .
