3875 5759
518 939 621 1044 ars
685 947 1200 1024 vacerrrtrn.
1251 952 1328 1024 ιιι.

518 1130 681 1210 oportere
694 1136 771 1185 cunt
789 1109 923 1201 ratione
937 1109 1085 1183 defundi.
1109 1109 1268 1207 srquidem
1286 1110 1499 1210 frequenter

484 1245 489 1256 '
518 1222 656 1312 evenit,
669 1238 726 1307 ut,
740 1219 819 1291 dum
834 1218 991 1291 animalia
1002 1217 1224 1313 potionantur
1236 1273 1247 1305 ,
1261 1221 1435 1314 rutham,
1449 1226 1498 1298 su·

518 1331 599 1403 dent
620 1327 842 1429 gmviter,&
859 1347 1040 1401 tremorem
1066 1327 1299 1402 musculorum
1325 1334 1493 1430 oninium

517 1437 704 1534 patiantur,
719 1434 987 1509 sollieentetiam
998 1439 1061 1524 ,δι
1074 1436 1233 1510 submisso
1246 1439 1364 1535 capite
1387 1441 1424 1516 se
1437 1445 1491 1517 su·

476 1572 480 1601 -·
516 1546 638 1618 slinere
659 1544 720 1617 vix
744 1546 877 1639 poffint.
907 1547 1018 1638 Quod
1038 1546 1187 1635 accidit,
1210 1546 1406 1643 siquando
1432 1578 1489 1649 per

407 1710 411 1721 .
514 1655 717 1751 imperitiam
742 1655 860 1750 [artis]
879 1655 1010 1743 (santis,
1028 1656 1127 1750 potio
1146 1656 1181 1728 in
1207 1659 1405 1735 arterias&
1420 1664 1485 1761 spi·

514 1763 653 1838 rituales
675 1783 784 1861 partes
805 1763 976 1860 pulmonis
991 1763 1151 1836 resilierit.
1177 1766 1278 1838 Unde
1298 1765 1336 1839 sit
1355 1770 1404 1843 δι
1427 1796 1484 1868 pe·

513 1873 659 1947 riculum
684 1873 837 1971 presens.
859 1875 977 1966 Quare
995 1872 1247 1944 observandum
1259 1875 1335 1965 est,
1356 1904 1407 1952 ue·
1417 1880 1483 1953 tus

513 1983 610 2066 tremi
630 1983 785 2076 jumento
803 1984 1015 2081 &pendenti
1038 1981 1176 2077 adjicias
1197 1983 1406 2079 potionem,
1425 1990 1482 2062 sed

512 2092 620 2163 statim
645 2092 763 2184 [eum]
785 2089 917 2178 solvas,
938 2089 1180 2184 paululumque
1201 2090 1424 2184 deambulet,
1442 2097 1482 2170 bc

356 2246 359 2250 -
511 2203 615 2303 mpgis
628 2200 659 2273 ei
673 2201 735 2273 alia
746 2199 889 2296 potione
902 2199 1101 2271 subveniast
1115 2201 1350 2296 aquatepida
1362 2204 1478 2279 oleum

510 2310 658 2384 rosatum
678 2308 878 2381 commisces
900 2311 938 2380 δι
960 2308 1082 2405 agitas,
1095 2312 1206 2405 &per
1219 2334 1260 2381 os
1283 2311 1478 2408 saepiusda·

511 2420 573 2495 bis.
596 2416 701 2491 Pusca
723 2441 862 2514 quoque
876 2415 1021 2512 puleiata
1042 2442 1138 2489 nares
1153 2417 1225 2512 ejus
1247 2417 1414 2513 fovebis,
1442 2431 1477 2500 δι

510 2524 742 2601 emendabitur
765 2526 874 2620 culpa.
899 2522 1158 2596 Observandum
1176 2551 1324 2624 quoque
1345 2531 1420 2622 est,
1441 2551 1475 2605 ut

511 2635 680 2708 subtrasio
702 2633 835 2706 hordeo
861 2637 899 2707 &
922 2651 1046 2730 negato
1076 2653 1163 2730 potu
1185 2633 1318 2732 digerat
1349 2641 1473 2713 animal

535 2764 681 2818 ottones.

508 2771 533 2844 P
565 2856 739 2928 LXXVII.
763 2853 964 2951 Plerumque
988 2878 1007 2925 a
1027 2850 1164 2926 nocivis
1186 2852 1417 2949 animalibus,
1438 2857 1471 2930 id

507 2966 575 3053 esl,
591 2967 761 3063 colubris,
774 2966 929 3062 scorpiis,
940 2965 1142 3064 phalangiis,
1154 2968 1194 3040 &
1204 2968 1360 3042 muribus
1375 2972 1470 3045 caeeis

507 3074 662 3147 animalia
686 3074 874 3159 feriuntur,
894 3077 931 3145 &
950 3074 987 3144 in
1006 3074 1193 3170 periculum
1217 3077 1378 3150 veniunt.
1401 3081 1469 3153 Cu·

415 3212 418 3217 ·
505 3181 558 3275 jus
577 3179 636 3254 isla
660 3180 736 3252 sunt
757 3181 867 3277 signa:
886 3181 1061 3254 Fastidium
1083 3183 1261 3272 ciborum,
1277 3187 1379 3279 pedes
1403 3207 1469 3261 tra·

506 3287 653 3376 huntur,
668 3289 727 3372 &‚
739 3311 817 3359 cum
830 3287 1090 3381 producuntur,
1105 3290 1325 3365 succumbunt
1335 3293 1379 3362 ad
1394 3293 1467 3369 fin-

504 3396 603 3495 gulos
620 3397 760 3495 gressus,
777 3419 836 3490 per
852 3419 947 3468 nares
963 3395 1081 3471 defluit
1100 3397 1229 3487 sanies,
1243 3399 1389 3498 gravedo
1403 3425 1467 3474 na·

503 3506 607 3580 scitur
627 3507 765 3601 capitis,
780 3505 825 3577 ita
847 3524 885 3577 ut
906 3503 1081 3599 dejiciatur
1096 3508 1147 3580 ad
1164 3529 1309 3598 terrant,
1328 3509 1372 3580 ad
1394 3509 1466 3584 sur·

502 3615 648 3712 gendum
669 3614 727 3685 vel
750 3613 973 3687 incedendum
999 3613 1160 3689 deliciunt
1180 3617 1338 3714 corporis
1361 3618 1467 3697 vires.

379 3755 381 3760 ·
502 3722 715 3800 Generaliter
734 3723 865 3796 curatio
888 3722 948 3797 isla
965 3724 1370 3824 succurrittLocus,qui
1390 3754 1464 3824 per·

501 3832 609 3910 cussus
627 3831 695 3921 est,
712 3849 790 3906 ante
809 3833 924 3905 omnia
938 3832 1152 3930 fumigandus
1167 3833 1216 3906 est
1237 3835 1404 3910 succensis
1414 3855 1464 3910 te·

499 3941 556 4014 slis
575 3965 724 4014 ovorum
745 3940 900 4036 gallinae,
914 3967 991 4036 quae
1004 3942 1096 4037 ptius
1110 3941 1267 4016 infundes
1279 3944 1317 4016 in
1335 3965 1462 4034 aceto,

498 4049 614 4123 addito
634 4048 733 4122 etiarn
758 4070 865 4121 cornu
883 4049 1025 4122 cervino
1044 4050 1101 4120 vel
1120 4051 1282 4147 galbanus
1294 4051 1377 4126 Post
1398 4051 1462 4126 sus·

497 4156 671 4245 fimentum
694 4157 770 4233 loca
797 4155 864 4251 ipsa
885 4155 1105 4246 scarificabis,
1129 4164 1166 4232 δι
1194 4157 1393 4256 sanguinem
1416 4188 1461 4236 ex

356 4351 359 4356 ι
428 4326 431 4334 .
497 4267 548 4339 his
568 4267 711 4355 emittis,
731 4264 788 4336 vel
809 4284 898 4337 certe
922 4267 1078 4337 candenti
1096 4266 1186 4339 serro
1206 4269 1384 4340 comburis
1409 4272 1461 4345 lo·

496 4399 555 4468 oa,
574 4403 650 4476 quae
671 4391 837 4456 venenata
859 4373 956 4474 pestis
981 4372 1101 4472 attigit.
1122 4376 1317 4453 Observare
1345 4399 1460 4456 autem
