<?xml version="1.0" encoding="UTF-8"?>
<!DOCTYPE html PUBLIC "-//W3C//DTD XHTML 1.0 Transitional//EN"
    "http://www.w3.org/TR/xhtml1/DTD/xhtml1-transitional.dtd">
<html xmlns="http://www.w3.org/1999/xhtml" xml:lang="en" lang="en">
 <head>
  <title>
</title>
<meta http-equiv="Content-Type" content="text/html;charset=utf-8" />
  <meta name='ocr-system' content='tesseract 3.04.00' />
  <meta name='ocr-capabilities' content='ocr_page ocr_carea ocr_par ocr_line ocrx_word'/>
</head>
<body>
  <div class='ocr_page' id='page_1' title='image "./scriptoresreiru00gesngoog_0421.png"; bbox 0 0 3875 5759; ppageno 0'>
   <div class='ocr_carea' id='block_1_1' title="bbox 599 933 1432 1045">
    <p class='ocr_par' dir='ltr' id='par_1_1' title="bbox 599 933 1432 1045">
     <span class='ocr_line' id='line_1_1' title="bbox 599 933 1432 1045; baseline -0.012 -16"><span class='ocrx_word' id='word_1_1' title='bbox 599 933 728 1029; x_wconf 77' lang='lat' dir='ltr'>nnus</span> <span class='ocrx_word' id='word_1_2' title='bbox 753 950 967 1024; x_wconf 74' lang='lat' dir='ltr'>vanuum.</span> <span class='ocrx_word' id='word_1_3' title='bbox 994 943 1091 1020; x_wconf 77' lang='lat' dir='ltr'>stus</span> <span class='ocrx_word' id='word_1_4' title='bbox 1116 947 1303 1020; x_wconf 75' lang='lat' dir='ltr'>uutou.</span> <span class='ocrx_word' id='word_1_5' title='bbox 1360 971 1432 1045; x_wconf 78' lang='lat'>419</span> 
     </span>
    </p>
   </div>
   <div class='ocr_carea' id='block_1_2' title="bbox 457 1104 1545 2503">
    <p class='ocr_par' dir='ltr' id='par_1_2' title="bbox 457 1104 1545 2503">
     <span class='ocr_line' id='line_1_2' title="bbox 480 1104 1445 1205; baseline -0.011 -15"><span class='ocrx_word' id='word_1_6' title='bbox 480 1117 605 1205; x_wconf 86' lang='lat' dir='ltr'>debes,</span> <span class='ocrx_word' id='word_1_7' title='bbox 621 1138 664 1185; x_wconf 87' lang='lat' dir='ltr'>ne</span> <span class='ocrx_word' id='word_1_8' title='bbox 677 1131 733 1184; x_wconf 87' lang='lat' dir='ltr'>aut</span> <span class='ocrx_word' id='word_1_9' title='bbox 753 1108 849 1204; x_wconf 86' lang='lat' dir='ltr'>supra</span> <span class='ocrx_word' id='word_1_10' title='bbox 870 1106 1032 1200; x_wconf 80' lang='lat' dir='ltr'>articulos</span> <span class='ocrx_word' id='word_1_11' title='bbox 1053 1110 1113 1185; x_wconf 83' lang='lat' dir='ltr'>aut</span> <span class='ocrx_word' id='word_1_12' title='bbox 1128 1106 1278 1181; x_wconf 72' lang='lat' dir='ltr'>nervosis</span> <span class='ocrx_word' id='word_1_13' title='bbox 1292 1104 1328 1178; x_wconf 91' lang='lat' dir='ltr'>in</span> <span class='ocrx_word' id='word_1_14' title='bbox 1349 1105 1445 1186; x_wconf 87' lang='lat' dir='ltr'>locis</span> 
     </span>
     <span class='ocr_line' id='line_1_3' title="bbox 480 1214 1439 1321; baseline -0.011 -21"><span class='ocrx_word' id='word_1_15' title='bbox 480 1229 519 1301; x_wconf 90' lang='lat' dir='ltr'>in</span> <span class='ocrx_word' id='word_1_16' title='bbox 535 1244 734 1321; x_wconf 86' lang='lat' dir='ltr'>quacunque</span> <span class='ocrx_word' id='word_1_17' title='bbox 751 1218 897 1315; x_wconf 85' lang='lat' dir='ltr'>paffione</span> <span class='ocrx_word' id='word_1_18' title='bbox 908 1240 1057 1312; x_wconf 91' lang='lat' dir='ltr'>unquam</span> <span class='ocrx_word' id='word_1_19' title='bbox 1073 1216 1258 1288; x_wconf 81' lang='lat' dir='ltr'>cauterium</span> <span class='ocrx_word' id='word_1_20' title='bbox 1272 1214 1439 1313; x_wconf 82' lang='lat' dir='ltr'>imponas.</span> 
     </span>
     <span class='ocr_line' id='line_1_4' title="bbox 482 1324 1439 1420; baseline -0.006 -13"><span class='ocrx_word' id='word_1_21' title='bbox 482 1332 617 1408; x_wconf 86' lang='lat' dir='ltr'>Adustis</span> <span class='ocrx_word' id='word_1_22' title='bbox 632 1331 722 1402; x_wconf 87' lang='lat' dir='ltr'>enim</span> <span class='ocrx_word' id='word_1_23' title='bbox 744 1326 857 1400; x_wconf 90' lang='lat' dir='ltr'>nervis</span> <span class='ocrx_word' id='word_1_24' title='bbox 878 1326 934 1398; x_wconf 90' lang='lat' dir='ltr'>vel</span> <span class='ocrx_word' id='word_1_25' title='bbox 956 1324 1121 1413; x_wconf 82' lang='lat' dir='ltr'><strong>articulis,</strong></span> <span class='ocrx_word' id='word_1_26' title='bbox 1137 1344 1295 1420; x_wconf 85' lang='lat' dir='ltr'>perpetua</span> <span class='ocrx_word' id='word_1_27' title='bbox 1317 1328 1439 1402; x_wconf 90' lang='lat' dir='ltr'>debili·</span> 
     </span>
     <span class='ocr_line' id='line_1_5' title="bbox 483 1434 1440 1536; baseline -0.004 -21"><span class='ocrx_word' id='word_1_28' title='bbox 483 1462 534 1515; x_wconf 88' lang='lat' dir='ltr'>ras</span> <span class='ocrx_word' id='word_1_29' title='bbox 562 1438 797 1536; x_wconf 85' lang='lat' dir='ltr'>consequetur.</span> <span class='ocrx_word' id='word_1_30' title='bbox 820 1435 884 1507; x_wconf 85' lang='lat' dir='ltr'>Sed</span> <span class='ocrx_word' id='word_1_31' title='bbox 905 1434 1083 1531; x_wconf 76' lang='lat' dir='ltr'>diligenter</span> <span class='ocrx_word' id='word_1_32' title='bbox 1107 1435 1303 1527; x_wconf 75' lang='lat' dir='ltr'>considera,</span> <span class='ocrx_word' id='word_1_33' title='bbox 1325 1455 1363 1509; x_wconf 92' lang='lat' dir='ltr'>ut</span> <span class='ocrx_word' id='word_1_34' title='bbox 1384 1456 1440 1511; x_wconf 86' lang='lat' dir='ltr'>aut</span> 
     </span>
     <span class='ocr_line' id='line_1_6' title="bbox 457 1536 1443 1647; baseline -0.002 -22"><span class='ocrx_word' id='word_1_35' title='bbox 457 1536 459 1544; x_wconf 42' lang='grc'>’</span> <span class='ocrx_word' id='word_1_36' title='bbox 485 1549 653 1647; x_wconf 85' lang='lat' dir='ltr'>superius,</span> <span class='ocrx_word' id='word_1_37' title='bbox 664 1565 721 1620; x_wconf 89' lang='lat' dir='ltr'>aut</span> <span class='ocrx_word' id='word_1_38' title='bbox 734 1544 873 1619; x_wconf 89' lang='lat' dir='ltr'>inferius</span> <span class='ocrx_word' id='word_1_39' title='bbox 896 1544 1070 1639; x_wconf 70' lang='lat' dir='ltr'>pusillum,</span> <span class='ocrx_word' id='word_1_40' title='bbox 1085 1569 1185 1641; x_wconf 89' lang='lat' dir='ltr'>quarn</span> <span class='ocrx_word' id='word_1_41' title='bbox 1205 1550 1301 1621; x_wconf 86' lang='lat' dir='ltr'>nervi</span> <span class='ocrx_word' id='word_1_42' title='bbox 1313 1569 1373 1623; x_wconf 79' lang='lat' dir='ltr'>aut</span> <span class='ocrx_word' id='word_1_43' title='bbox 1387 1576 1443 1623; x_wconf 86' lang='lat' dir='ltr'>ar·</span> 
     </span>
     <span class='ocr_line' id='line_1_7' title="bbox 486 1655 1444 1756; baseline 0.002 -21"><span class='ocrx_word' id='word_1_44' title='bbox 486 1662 584 1735; x_wconf 89' lang='lat' dir='ltr'>riculi</span> <span class='ocrx_word' id='word_1_45' title='bbox 605 1660 703 1745; x_wconf 89' lang='lat' dir='ltr'>funt,</span> <span class='ocrx_word' id='word_1_46' title='bbox 720 1684 798 1732; x_wconf 94' lang='lat' dir='ltr'>cum</span> <span class='ocrx_word' id='word_1_47' title='bbox 819 1658 989 1756; x_wconf 81' lang='lat' dir='ltr'>neceffitas</span> <span class='ocrx_word' id='word_1_48' title='bbox 1013 1655 1115 1729; x_wconf 85' lang='lat' dir='ltr'>fuerit</span> <span class='ocrx_word' id='word_1_49' title='bbox 1127 1710 1139 1743; x_wconf 90' lang='lat'><strong><em>,</em></strong></span> <span class='ocrx_word' id='word_1_50' title='bbox 1160 1682 1310 1750; x_wconf 88' lang='lat' dir='ltr'>apponas</span> <span class='ocrx_word' id='word_1_51' title='bbox 1329 1683 1444 1737; x_wconf 84' lang='lat' dir='ltr'>caute·</span> 
     </span>
     <span class='ocr_line' id='line_1_8' title="bbox 487 1767 1446 1870; baseline 0 -25"><span class='ocrx_word' id='word_1_52' title='bbox 487 1773 549 1847; x_wconf 87' lang='lat' dir='ltr'>ria.</span> <span class='ocrx_word' id='word_1_53' title='bbox 569 1769 703 1842; x_wconf 85' lang='lat' dir='ltr'>Animal</span> <span class='ocrx_word' id='word_1_54' title='bbox 724 1788 858 1854; x_wconf 83' lang='lat' dir='ltr'>autem,</span> <span class='ocrx_word' id='word_1_55' title='bbox 873 1768 967 1863; x_wconf 90' lang='lat' dir='ltr'>quod</span> <span class='ocrx_word' id='word_1_56' title='bbox 986 1784 1151 1838; x_wconf 85' lang='lat' dir='ltr'>venenata</span> <span class='ocrx_word' id='word_1_57' title='bbox 1176 1767 1313 1840; x_wconf 87' lang='lat' dir='ltr'>befiiola</span> <span class='ocrx_word' id='word_1_58' title='bbox 1327 1773 1446 1870; x_wconf 85' lang='lat' dir='ltr'>tetige-</span> 
     </span>
     <span class='ocr_line' id='line_1_9' title="bbox 488 1875 1446 1974; baseline -0.002 -20"><span class='ocrx_word' id='word_1_59' title='bbox 488 1882 554 1968; x_wconf 86' lang='lat' dir='ltr'>rit,</span> <span class='ocrx_word' id='word_1_60' title='bbox 568 1879 721 1974; x_wconf 81' lang='lat' dir='ltr'>expedit,</span> <span class='ocrx_word' id='word_1_61' title='bbox 736 1898 772 1950; x_wconf 92' lang='lat' dir='ltr'>ut</span> <span class='ocrx_word' id='word_1_62' title='bbox 784 1878 893 1957; x_wconf 85' lang='lat' dir='ltr'>sudet,</span> <span class='ocrx_word' id='word_1_63' title='bbox 909 1879 946 1949; x_wconf 76' lang='grc' dir='ltr'>δι</span> <span class='ocrx_word' id='word_1_64' title='bbox 961 1875 1076 1947; x_wconf 84' lang='lat' dir='ltr'>calidis</span> <span class='ocrx_word' id='word_1_65' title='bbox 1095 1876 1323 1969; x_wconf 84' lang='lat' dir='ltr'>coopertoriis</span> <span class='ocrx_word' id='word_1_66' title='bbox 1336 1878 1446 1952; x_wconf 83' lang='lat' dir='ltr'>in&#39;vo·</span> 
     </span>
     <span class='ocr_line' id='line_1_10' title="bbox 489 1985 1446 2074; baseline 0 -9"><span class='ocrx_word' id='word_1_67' title='bbox 489 1994 599 2068; x_wconf 88' lang='lat' dir='ltr'>lutum</span> <span class='ocrx_word' id='word_1_68' title='bbox 624 1991 832 2074; x_wconf 86' lang='lat' dir='ltr'>deambulet,</span> <span class='ocrx_word' id='word_1_69' title='bbox 845 1991 882 2058; x_wconf 77' lang='grc' dir='ltr'>δι</span> <span class='ocrx_word' id='word_1_70' title='bbox 904 1985 1042 2057; x_wconf 86' lang='lat' dir='ltr'>farinam</span> <span class='ocrx_word' id='word_1_71' title='bbox 1064 1986 1283 2060; x_wconf 81' lang='lat' dir='ltr'>hordeaceam</span> <span class='ocrx_word' id='word_1_72' title='bbox 1307 1987 1342 2060; x_wconf 87' lang='lat' dir='ltr'>in</span> <span class='ocrx_word' id='word_1_73' title='bbox 1364 1991 1446 2065; x_wconf 86' lang='lat' dir='ltr'>cibo</span> 
     </span>
     <span class='ocr_line' id='line_1_11' title="bbox 491 2092 1448 2186; baseline 0 -11"><span class='ocrx_word' id='word_1_74' title='bbox 491 2103 623 2186; x_wconf 88' lang='lat' dir='ltr'>fumat,</span> <span class='ocrx_word' id='word_1_75' title='bbox 646 2098 765 2171; x_wconf 86' lang='lat' dir='ltr'>additis</span> <span class='ocrx_word' id='word_1_76' title='bbox 789 2094 965 2167; x_wconf 85' lang='lat' dir='ltr'>frondibus</span> <span class='ocrx_word' id='word_1_77' title='bbox 980 2092 1138 2169; x_wconf 81' lang='lat' dir='ltr'>fraxineis</span> <span class='ocrx_word' id='word_1_78' title='bbox 1158 2100 1196 2172; x_wconf 88' lang='lat'>&amp;</span> <span class='ocrx_word' id='word_1_79' title='bbox 1216 2098 1341 2186; x_wconf 82' lang='lat' dir='ltr'>vitibus</span> <span class='ocrx_word' id='word_1_80' title='bbox 1354 2098 1448 2176; x_wconf 84' lang='lat' dir='ltr'>albis.</span> 
     </span>
     <span class='ocr_line' id='line_1_12' title="bbox 491 2203 1545 2305; baseline 0.002 -22"><span class='ocrx_word' id='word_1_81' title='bbox 491 2216 530 2283; x_wconf 91' lang='lat' dir='ltr'>ln</span> <span class='ocrx_word' id='word_1_82' title='bbox 549 2208 643 2304; x_wconf 85' lang='lat' dir='ltr'>plaga</span> <span class='ocrx_word' id='word_1_83' title='bbox 657 2224 767 2277; x_wconf 85' lang='lat' dir='ltr'>autem</span> <span class='ocrx_word' id='word_1_84' title='bbox 785 2205 850 2277; x_wconf 87' lang='lat' dir='ltr'>mel</span> <span class='ocrx_word' id='word_1_85' title='bbox 873 2203 1020 2276; x_wconf 83' lang='lat' dir='ltr'>Atticum</span> <span class='ocrx_word' id='word_1_86' title='bbox 1037 2206 1091 2277; x_wconf 91' lang='lat' dir='ltr'>vel</span> <span class='ocrx_word' id='word_1_87' title='bbox 1114 2207 1288 2305; x_wconf 87' lang='lat' dir='ltr'>cyminum</span> <span class='ocrx_word' id='word_1_88' title='bbox 1310 2210 1345 2282; x_wconf 89' lang='lat' dir='ltr'>in</span> <span class='ocrx_word' id='word_1_89' title='bbox 1361 2212 1447 2285; x_wconf 82' lang='lat' dir='ltr'>vino</span> <span class='ocrx_word' id='word_1_90' title='bbox 1542 2221 1545 2227; x_wconf 54' lang='lat'><strong><em>⁴</em></strong></span> 
     </span>
     <span class='ocr_line' id='line_1_13' title="bbox 495 2312 1449 2413; baseline 0.004 -26"><span class='ocrx_word' id='word_1_91' title='bbox 495 2315 603 2387; x_wconf 89' lang='lat' dir='ltr'>veteri</span> <span class='ocrx_word' id='word_1_92' title='bbox 621 2314 788 2400; x_wconf 83' lang='lat' dir='ltr'>mixtum,</span> <span class='ocrx_word' id='word_1_93' title='bbox 804 2312 999 2386; x_wconf 75' lang='lat' dir='ltr'>calefauum</span> <span class='ocrx_word' id='word_1_94' title='bbox 1022 2335 1160 2408; x_wconf 85' lang='lat' dir='ltr'>oportet</span> <span class='ocrx_word' id='word_1_95' title='bbox 1185 2317 1326 2413; x_wconf 92' lang='lat' dir='ltr'>imponi.</span> <span class='ocrx_word' id='word_1_96' title='bbox 1346 2322 1449 2392; x_wconf 88' lang='lat' dir='ltr'>Non·</span> 
     </span>
     <span class='ocr_line' id='line_1_14' title="bbox 495 2422 1450 2503; baseline 0.004 -4"><span class='ocrx_word' id='word_1_97' title='bbox 495 2426 579 2499; x_wconf 92' lang='lat' dir='ltr'>nulli</span> <span class='ocrx_word' id='word_1_98' title='bbox 607 2425 730 2496; x_wconf 81' lang='lat' dir='ltr'>stercus</span> <span class='ocrx_word' id='word_1_99' title='bbox 753 2422 883 2494; x_wconf 89' lang='lat' dir='ltr'>suillum</span> <span class='ocrx_word' id='word_1_100' title='bbox 906 2446 1022 2496; x_wconf 85' lang='lat' dir='ltr'>recens</span> <span class='ocrx_word' id='word_1_101' title='bbox 1047 2427 1084 2499; x_wconf 88' lang='lat'><strong>&amp;</strong></span> <span class='ocrx_word' id='word_1_102' title='bbox 1106 2426 1172 2497; x_wconf 87' lang='lat' dir='ltr'>mel</span> <span class='ocrx_word' id='word_1_103' title='bbox 1196 2429 1347 2501; x_wconf 77' lang='lat' dir='ltr'>Atticum</span> <span class='ocrx_word' id='word_1_104' title='bbox 1372 2453 1450 2503; x_wconf 85' lang='lat' dir='ltr'>cunr</span> 
     </span>
    </p>
   </div>
   <div class='ocr_carea' id='block_1_3' title="bbox 495 2520 1452 2730">
    <p class='ocr_par' dir='ltr' id='par_1_3' title="bbox 495 2520 1452 2730">
     <span class='ocr_line' id='line_1_15' title="bbox 495 2520 1452 2633; baseline 0.004 -23"><span class='ocrx_word' id='word_1_105' title='bbox 495 2539 582 2610; x_wconf 86' lang='lat' dir='ltr'>vino</span> <span class='ocrx_word' id='word_1_106' title='bbox 600 2534 761 2621; x_wconf 84' lang='lat' dir='ltr'>miscent,</span> <span class='ocrx_word' id='word_1_107' title='bbox 777 2537 814 2607; x_wconf 67' lang='grc' dir='ltr'>ὅ(</span> <span class='ocrx_word' id='word_1_108' title='bbox 828 2533 1020 2606; x_wconf 80' lang='lat' dir='ltr'>calefaflum</span> <span class='ocrx_word' id='word_1_109' title='bbox 1034 2536 1124 2629; x_wconf 84' lang='lat' dir='ltr'>quali</span> <span class='ocrx_word' id='word_1_110' title='bbox 1140 2520 1336 2633; x_wconf 67' lang='lat' dir='ltr'>cataplasma</span> <span class='ocrx_word' id='word_1_111' title='bbox 1352 2540 1452 2614; x_wconf 87' lang='lat' dir='ltr'>indu·</span> 
     </span>
     <span class='ocr_line' id='line_1_16' title="bbox 497 2634 1141 2730; baseline -0.008 -12"><span class='ocrx_word' id='word_1_112' title='bbox 497 2664 601 2730; x_wconf 86' lang='lat' dir='ltr'>cunt,</span> <span class='ocrx_word' id='word_1_113' title='bbox 624 2644 781 2714; x_wconf 88' lang='lat' dir='ltr'>addentes</span> <span class='ocrx_word' id='word_1_114' title='bbox 801 2640 928 2710; x_wconf 90' lang='lat' dir='ltr'>urinam</span> <span class='ocrx_word' id='word_1_115' title='bbox 950 2634 1141 2713; x_wconf 82' lang='lat' dir='ltr'>humanam.</span> 
     </span>
    </p>
   </div>
   <div class='ocr_carea' id='block_1_4' title="bbox 444 2736 1587 4051">
    <p class='ocr_par' dir='ltr' id='par_1_4' title="bbox 499 2736 1557 3825">
     <span class='ocr_line' id='line_1_17' title="bbox 546 2736 1454 2848; baseline 0.009 -23"><span class='ocrx_word' id='word_1_116' title='bbox 546 2754 736 2825; x_wconf 87' lang='lat' dir='ltr'>LXXVlll.</span> <span class='ocrx_word' id='word_1_117' title='bbox 749 2751 862 2845; x_wconf 89' lang='lat' dir='ltr'>Equus</span> <span class='ocrx_word' id='word_1_118' title='bbox 874 2748 898 2819; x_wconf 81' lang='lat' dir='ltr'>st</span> <span class='ocrx_word' id='word_1_119' title='bbox 910 2747 1094 2843; x_wconf 83' lang='lat' dir='ltr'>buprestem</span> <span class='ocrx_word' id='word_1_120' title='bbox 1106 2750 1292 2848; x_wconf 84' lang='lat' dir='ltr'>comederit</span> <span class='ocrx_word' id='word_1_121' title='bbox 1300 2736 1339 2827; x_wconf 83' lang='lat' dir='ltr'>in</span> <span class='ocrx_word' id='word_1_122' title='bbox 1353 2755 1454 2834; x_wconf 87' lang='lat' dir='ltr'>foeno</span> 
     </span>
     <span class='ocr_line' id='line_1_18' title="bbox 499 2855 1456 2955; baseline 0.008 -19"><span class='ocrx_word' id='word_1_123' title='bbox 499 2863 557 2937; x_wconf 83' lang='lat' dir='ltr'>vel</span> <span class='ocrx_word' id='word_1_124' title='bbox 573 2862 608 2931; x_wconf 90' lang='lat' dir='ltr'>in</span> <span class='ocrx_word' id='word_1_125' title='bbox 632 2857 776 2953; x_wconf 83' lang='lat' dir='ltr'>pabulo,</span> <span class='ocrx_word' id='word_1_126' title='bbox 790 2858 863 2928; x_wconf 83' lang='lat' dir='ltr'>haec</span> <span class='ocrx_word' id='word_1_127' title='bbox 881 2855 970 2951; x_wconf 74' lang='lat' dir='ltr'>signa</span> <span class='ocrx_word' id='word_1_128' title='bbox 990 2858 1095 2929; x_wconf 86' lang='lat' dir='ltr'>llarim</span> <span class='ocrx_word' id='word_1_129' title='bbox 1116 2858 1307 2955; x_wconf 85' lang='lat' dir='ltr'>sequuntur.</span> <span class='ocrx_word' id='word_1_130' title='bbox 1327 2872 1456 2943; x_wconf 85' lang='lat' dir='ltr'>Venter</span> 
     </span>
     <span class='ocr_line' id='line_1_19' title="bbox 501 2962 1457 3053; baseline 0.01 -15"><span class='ocrx_word' id='word_1_131' title='bbox 501 2972 534 3043; x_wconf 88' lang='lat' dir='ltr'>ei</span> <span class='ocrx_word' id='word_1_132' title='bbox 549 2966 739 3053; x_wconf 83' lang='lat' dir='ltr'>inflatur‚a</span> <span class='ocrx_word' id='word_1_133' title='bbox 761 2962 844 3035; x_wconf 86' lang='lat' dir='ltr'>cibis</span> <span class='ocrx_word' id='word_1_134' title='bbox 864 2965 980 3050; x_wconf 73' lang='lat' dir='ltr'>mulir,</span> <span class='ocrx_word' id='word_1_135' title='bbox 994 2966 1032 3039; x_wconf 76' lang='grc' dir='ltr'>δι</span> <span class='ocrx_word' id='word_1_136' title='bbox 1052 2964 1193 3039; x_wconf 81' lang='lat' dir='ltr'>stercora</span> <span class='ocrx_word' id='word_1_137' title='bbox 1205 2971 1402 3047; x_wconf 79' lang='lat' dir='ltr'>minutatim</span> <span class='ocrx_word' id='word_1_138' title='bbox 1418 2981 1457 3053; x_wconf 77' lang='grc' dir='ltr'>δι</span> 
     </span>
     <span class='ocr_line' id='line_1_20' title="bbox 503 3072 1458 3172; baseline 0.006 -21"><span class='ocrx_word' id='word_1_139' title='bbox 503 3078 697 3172; x_wconf 87' lang='lat' dir='ltr'>frequenter</span> <span class='ocrx_word' id='word_1_140' title='bbox 716 3073 834 3147; x_wconf 87' lang='lat' dir='ltr'>reddit.</span> <span class='ocrx_word' id='word_1_141' title='bbox 853 3073 910 3167; x_wconf 88' lang='lat' dir='ltr'>qui</span> <span class='ocrx_word' id='word_1_142' title='bbox 929 3072 1033 3145; x_wconf 80' lang='lat' dir='ltr'>statim</span> <span class='ocrx_word' id='word_1_143' title='bbox 1046 3074 1242 3155; x_wconf 84' lang='lat' dir='ltr'>sternendus</span> <span class='ocrx_word' id='word_1_144' title='bbox 1261 3083 1326 3172; x_wconf 81' lang='lat' dir='ltr'>eu,</span> <span class='ocrx_word' id='word_1_145' title='bbox 1341 3089 1381 3162; x_wconf 70' lang='grc' dir='ltr'>δε</span> <span class='ocrx_word' id='word_1_146' title='bbox 1394 3112 1458 3161; x_wconf 81' lang='lat' dir='ltr'>co·</span> 
     </span>
     <span class='ocr_line' id='line_1_21' title="bbox 503 3180 1461 3292; baseline 0.016 -36"><span class='ocrx_word' id='word_1_147' title='bbox 503 3184 631 3285; x_wconf 86' lang='lat' dir='ltr'>gendus</span> <span class='ocrx_word' id='word_1_148' title='bbox 649 3182 691 3255; x_wconf 88' lang='lat' dir='ltr'>ad</span> <span class='ocrx_word' id='word_1_149' title='bbox 706 3180 848 3254; x_wconf 88' lang='lat' dir='ltr'>cursum.</span> <span class='ocrx_word' id='word_1_150' title='bbox 867 3180 946 3252; x_wconf 86' lang='lat' dir='ltr'>Post</span> <span class='ocrx_word' id='word_1_151' title='bbox 961 3180 992 3252; x_wconf 89' lang='lat' dir='ltr'>ei</span> <span class='ocrx_word' id='word_1_152' title='bbox 1005 3207 1091 3256; x_wconf 89' lang='lat' dir='ltr'>vena</span> <span class='ocrx_word' id='word_1_153' title='bbox 1105 3191 1265 3284; x_wconf 86' lang='lat' dir='ltr'>tangenda</span> <span class='ocrx_word' id='word_1_154' title='bbox 1286 3192 1332 3265; x_wconf 83' lang='lat' dir='ltr'>etl</span> <span class='ocrx_word' id='word_1_155' title='bbox 1346 3196 1387 3268; x_wconf 86' lang='lat' dir='ltr'>de</span> <span class='ocrx_word' id='word_1_156' title='bbox 1401 3223 1461 3292; x_wconf 82' lang='lat' dir='ltr'>pa·</span> 
     </span>
     <span class='ocr_line' id='line_1_22' title="bbox 504 3293 1557 3389; baseline 0.003 -19"><span class='ocrx_word' id='word_1_157' title='bbox 504 3299 575 3371; x_wconf 87' lang='lat' dir='ltr'>lato</span> <span class='ocrx_word' id='word_1_158' title='bbox 593 3296 735 3384; x_wconf 87' lang='lat' dir='ltr'>leviter,</span> <span class='ocrx_word' id='word_1_159' title='bbox 749 3313 786 3367; x_wconf 91' lang='lat' dir='ltr'>ut</span> <span class='ocrx_word' id='word_1_160' title='bbox 806 3293 999 3389; x_wconf 82' lang='lat' dir='ltr'>sanguinem</span> <span class='ocrx_word' id='word_1_161' title='bbox 1018 3295 1111 3367; x_wconf 90' lang='lat' dir='ltr'>suum</span> <span class='ocrx_word' id='word_1_162' title='bbox 1131 3296 1330 3372; x_wconf 78' lang='lat' dir='ltr'>defluentem</span> <span class='ocrx_word' id='word_1_163' title='bbox 1355 3325 1462 3379; x_wconf 81' lang='lat' dir='ltr'>trans·</span> <span class='ocrx_word' id='word_1_164' title='bbox 1554 3368 1557 3373; x_wconf 85' lang='lat'>.</span> 
     </span>
     <span class='ocr_line' id='line_1_23' title="bbox 505 3403 1465 3507; baseline 0.007 -29"><span class='ocrx_word' id='word_1_165' title='bbox 505 3405 643 3505; x_wconf 81' lang='lat' dir='ltr'>glutiat,</span> <span class='ocrx_word' id='word_1_166' title='bbox 662 3404 784 3476; x_wconf 83' lang='lat' dir='ltr'>affidue</span> <span class='ocrx_word' id='word_1_167' title='bbox 802 3403 1014 3490; x_wconf 81' lang='lat' dir='ltr'>deambulet,</span> <span class='ocrx_word' id='word_1_168' title='bbox 1031 3406 1178 3479; x_wconf 82' lang='lat' dir='ltr'>triticum</span> <span class='ocrx_word' id='word_1_169' title='bbox 1198 3434 1276 3481; x_wconf 94' lang='lat' dir='ltr'>cum</span> <span class='ocrx_word' id='word_1_170' title='bbox 1298 3413 1389 3507; x_wconf 84' lang='lat' dir='ltr'>pallo</span> <span class='ocrx_word' id='word_1_171' title='bbox 1407 3414 1465 3490; x_wconf 65' lang='lat' dir='ltr'>ina,</span> 
     </span>
     <span class='ocr_line' id='line_1_24' title="bbox 507 3509 1483 3616; baseline 0.008 -27"><span class='ocrx_word' id='word_1_172' title='bbox 507 3515 641 3603; x_wconf 86' lang='lat' dir='ltr'>fusum,</span> <span class='ocrx_word' id='word_1_173' title='bbox 657 3518 695 3587; x_wconf 75' lang='grc' dir='ltr'>δι</span> <span class='ocrx_word' id='word_1_174' title='bbox 715 3536 836 3605; x_wconf 89' lang='lat' dir='ltr'>porros</span> <span class='ocrx_word' id='word_1_175' title='bbox 854 3509 968 3582; x_wconf 85' lang='lat' dir='ltr'>afferes</span> <span class='ocrx_word' id='word_1_176' title='bbox 987 3512 1028 3582; x_wconf 89' lang='lat' dir='ltr'>ad</span> <span class='ocrx_word' id='word_1_177' title='bbox 1049 3516 1238 3593; x_wconf 85' lang='lat' dir='ltr'>cibandum.</span> <span class='ocrx_word' id='word_1_178' title='bbox 1254 3522 1380 3611; x_wconf 73' lang='lat' dir='ltr'>Vinum</span> <span class='ocrx_word' id='word_1_179' title='bbox 1403 3547 1483 3616; x_wconf 52' lang='lat' dir='ltr'>aue</span> 
     </span>
     <span class='ocr_line' id='line_1_25' title="bbox 509 3620 1465 3722; baseline 0.008 -24"><span class='ocrx_word' id='word_1_180' title='bbox 509 3647 578 3698; x_wconf 91' lang='lat' dir='ltr'>tem</span> <span class='ocrx_word' id='word_1_181' title='bbox 596 3622 794 3718; x_wconf 68' lang='lat' dir='ltr'>tepefadum</span> <span class='ocrx_word' id='word_1_182' title='bbox 812 3645 887 3692; x_wconf 95' lang='lat' dir='ltr'>cum</span> <span class='ocrx_word' id='word_1_183' title='bbox 902 3646 967 3693; x_wconf 87' lang='lat' dir='ltr'>uva</span> <span class='ocrx_word' id='word_1_184' title='bbox 987 3620 1073 3715; x_wconf 78' lang='lat' dir='ltr'>palla</span> <span class='ocrx_word' id='word_1_185' title='bbox 1090 3623 1265 3722; x_wconf 81' lang='lat' dir='ltr'>diligenter</span> <span class='ocrx_word' id='word_1_186' title='bbox 1278 3625 1465 3705; x_wconf 73' lang='lat' dir='ltr'>contritum</span> 
     </span>
     <span class='ocr_line' id='line_1_26' title="bbox 511 3728 1100 3825; baseline -0.007 -18"><span class='ocrx_word' id='word_1_187' title='bbox 511 3733 555 3807; x_wconf 82' lang='lat' dir='ltr'>ad</span> <span class='ocrx_word' id='word_1_188' title='bbox 579 3756 688 3803; x_wconf 90' lang='lat' dir='ltr'>cornu</span> <span class='ocrx_word' id='word_1_189' title='bbox 714 3730 806 3801; x_wconf 90' lang='lat' dir='ltr'>dabis</span> <span class='ocrx_word' id='word_1_190' title='bbox 824 3728 982 3801; x_wconf 88' lang='lat' dir='ltr'>eidemin</span> <span class='ocrx_word' id='word_1_191' title='bbox 1005 3750 1100 3825; x_wconf 90' lang='lat' dir='ltr'>poru.</span> 
     </span>
    </p>

    <p class='ocr_par' dir='ltr' id='par_1_5' title="bbox 444 3836 1587 4051">
     <span class='ocr_line' id='line_1_27' title="bbox 570 3836 1469 3934; baseline 0.009 -23"><span class='ocrx_word' id='word_1_192' title='bbox 570 3838 726 3911; x_wconf 88' lang='lat' dir='ltr'>LXXlX.</span> <span class='ocrx_word' id='word_1_193' title='bbox 753 3837 878 3931; x_wconf 88' lang='lat' dir='ltr'>Vipera</span> <span class='ocrx_word' id='word_1_194' title='bbox 897 3836 920 3907; x_wconf 82' lang='lat' dir='ltr'>fi</span> <span class='ocrx_word' id='word_1_195' title='bbox 945 3838 1168 3912; x_wconf 88' lang='lat' dir='ltr'>momorderit</span> <span class='ocrx_word' id='word_1_196' title='bbox 1190 3838 1401 3934; x_wconf 77' lang='lat' dir='ltr'>jumentum,</span> <span class='ocrx_word' id='word_1_197' title='bbox 1424 3864 1469 3919; x_wconf 74' lang='lat' dir='ltr'>ex</span> 
     </span>
     <span class='ocr_line' id='line_1_28' title="bbox 444 3946 1587 4051; baseline 0.008 -31"><span class='ocrx_word' id='word_1_198' title='bbox 444 3985 447 3990; x_wconf 21' lang='grc' dir='ltr'><strong>Δ</strong></span> <span class='ocrx_word' id='word_1_199' title='bbox 514 3948 628 4021; x_wconf 88' lang='lat' dir='ltr'>morsu</span> <span class='ocrx_word' id='word_1_200' title='bbox 647 3946 718 4041; x_wconf 79' lang='lat' dir='ltr'>ejus</span> <span class='ocrx_word' id='word_1_201' title='bbox 741 3971 802 4042; x_wconf 89' lang='lat' dir='ltr'>pus</span> <span class='ocrx_word' id='word_1_202' title='bbox 829 3946 1006 4021; x_wconf 85' lang='lat' dir='ltr'>consuevit</span> <span class='ocrx_word' id='word_1_203' title='bbox 1028 3949 1131 4023; x_wconf 86' lang='lat' dir='ltr'>exire.</span> <span class='ocrx_word' id='word_1_204' title='bbox 1151 3976 1229 4038; x_wconf 88' lang='lat' dir='ltr'>nam</span> <span class='ocrx_word' id='word_1_205' title='bbox 1251 3952 1274 4024; x_wconf 82' lang='lat' dir='ltr'>fi</span> <span class='ocrx_word' id='word_1_206' title='bbox 1296 3979 1470 4051; x_wconf 75' lang='lat' dir='ltr'>praegnans</span> <span class='ocrx_word' id='word_1_207' title='bbox 1583 3991 1587 3997; x_wconf 95' lang='lat'><em>·</em></span> 
     </span>
    </p>
   </div>
   <div class='ocr_carea' id='block_1_5' title="bbox 489 4052 1590 4156">
    <p class='ocr_par' dir='ltr' id='par_1_6' title="bbox 489 4052 1590 4156">
     <span class='ocr_line' id='line_1_29' title="bbox 489 4052 1590 4156; baseline 0.01 -29"><span class='ocrx_word' id='word_1_208' title='bbox 489 4057 598 4145; x_wconf 77' lang='lat' dir='ltr'>crit,</span> <span class='ocrx_word' id='word_1_209' title='bbox 618 4075 729 4129; x_wconf 80' lang='lat' dir='ltr'>totum</span> <span class='ocrx_word' id='word_1_210' title='bbox 758 4058 923 4150; x_wconf 87' lang='lat' dir='ltr'>rumpitur</span> <span class='ocrx_word' id='word_1_211' title='bbox 948 4081 1084 4156; x_wconf 88' lang='lat' dir='ltr'>corpus.</span> <span class='ocrx_word' id='word_1_212' title='bbox 1110 4059 1161 4130; x_wconf 84' lang='lat' dir='ltr'>Ad</span> <span class='ocrx_word' id='word_1_213' title='bbox 1188 4059 1336 4133; x_wconf 89' lang='lat' dir='ltr'>morsum</span> <span class='ocrx_word' id='word_1_214' title='bbox 1359 4082 1472 4136; x_wconf 84' lang='lat' dir='ltr'>tamen</span> <span class='ocrx_word' id='word_1_215' title='bbox 1557 4052 1590 4076; x_wconf 28' lang='lat' dir='ltr'>X*</span> 
     </span>
    </p>
   </div>
   <div class='ocr_carea' id='block_1_6' title="bbox 519 4165 1487 4366">
    <p class='ocr_par' dir='ltr' id='par_1_7' title="bbox 519 4165 1487 4366">
     <span class='ocr_line' id='line_1_30' title="bbox 519 4165 1487 4263; baseline 0.006 -25"><span class='ocrx_word' id='word_1_216' title='bbox 519 4166 667 4262; x_wconf 66' lang='lat' dir='ltr'>viperae,</span> <span class='ocrx_word' id='word_1_217' title='bbox 689 4166 744 4239; x_wconf 87' lang='lat' dir='ltr'>vel</span> <span class='ocrx_word' id='word_1_218' title='bbox 759 4166 926 4263; x_wconf 82' lang='lat' dir='ltr'>phalangii</span> <span class='ocrx_word' id='word_1_219' title='bbox 936 4219 948 4255; x_wconf 88' lang='lat'>‚</span> <span class='ocrx_word' id='word_1_220' title='bbox 960 4186 1017 4239; x_wconf 80' lang='lat' dir='ltr'>aut</span> <span class='ocrx_word' id='word_1_221' title='bbox 1030 4165 1132 4238; x_wconf 87' lang='lat' dir='ltr'>muris</span> <span class='ocrx_word' id='word_1_222' title='bbox 1144 4167 1274 4255; x_wconf 84' lang='lat' dir='ltr'>aranei,</span> <span class='ocrx_word' id='word_1_223' title='bbox 1291 4193 1487 4244; x_wconf 81' lang='lat' dir='ltr'>commune·</span> 
     </span>
     <span class='ocr_line' id='line_1_31' title="bbox 521 4275 1472 4366; baseline 0.011 -19"><span class='ocrx_word' id='word_1_224' title='bbox 521 4276 704 4348; x_wconf 88' lang='lat' dir='ltr'>remedium</span> <span class='ocrx_word' id='word_1_225' title='bbox 724 4276 794 4366; x_wconf 86' lang='lat' dir='ltr'>est,</span> <span class='ocrx_word' id='word_1_226' title='bbox 815 4295 936 4349; x_wconf 86' lang='lat' dir='ltr'>terram</span> <span class='ocrx_word' id='word_1_227' title='bbox 956 4275 1173 4349; x_wconf 87' lang='lat' dir='ltr'>formicarum</span> <span class='ocrx_word' id='word_1_228' title='bbox 1199 4303 1276 4349; x_wconf 91' lang='lat' dir='ltr'>cum</span> <span class='ocrx_word' id='word_1_229' title='bbox 1303 4279 1387 4354; x_wconf 83' lang='lat' dir='ltr'>uino</span> <span class='ocrx_word' id='word_1_230' title='bbox 1410 4283 1472 4358; x_wconf 68' lang='lat' dir='ltr'>mi·¹</span> 
     </span>
    </p>
   </div>
   <div class='ocr_carea' id='block_1_7' title="bbox 503 4383 1474 4568">
    <p class='ocr_par' dir='ltr' id='par_1_8' title="bbox 503 4383 1474 4568">
     <span class='ocr_line' id='line_1_32' title="bbox 503 4383 1474 4566; baseline 0.015 -114"><span class='ocrx_word' id='word_1_231' title='bbox 503 4385 611 4459; x_wconf 66' lang='lat' dir='ltr'>,fcere</span> <span class='ocrx_word' id='word_1_232' title='bbox 630 4385 668 4459; x_wconf 90' lang='lat'>&amp;</span> <span class='ocrx_word' id='word_1_233' title='bbox 683 4385 759 4458; x_wconf 81' lang='lat' dir='ltr'>dare</span> <span class='ocrx_word' id='word_1_234' title='bbox 772 4409 833 4482; x_wconf 89' lang='lat' dir='ltr'>per</span> <span class='ocrx_word' id='word_1_235' title='bbox 847 4383 967 4461; x_wconf 86' lang='lat' dir='ltr'>fauces.</span> <span class='ocrx_word' id='word_1_236' title='bbox 984 4385 1048 4460; x_wconf 87' lang='lat' dir='ltr'>Vel</span> <span class='ocrx_word' id='word_1_237' title='bbox 1062 4408 1151 4459; x_wconf 88' lang='lat' dir='ltr'>certe</span> <span class='ocrx_word' id='word_1_238' title='bbox 1164 4383 1286 4566; x_wconf 52' lang='lat' dir='ltr'>dssipsa</span> <span class='ocrx_word' id='word_1_239' title='bbox 1305 4410 1392 4463; x_wconf 83' lang='lat' dir='ltr'>terra</span> <span class='ocrx_word' id='word_1_240' title='bbox 1404 4389 1474 4475; x_wconf 77' lang='lat' dir='ltr'>fre·⁴</span> 
     </span>
     <span class='ocr_line' id='line_1_33' title="bbox 1265 4520 1287 4568; baseline 0 0"><span class='ocrx_word' id='word_1_241' title='bbox 1265 4520 1287 4568; x_wconf 88' lang='lat'><em>2</em></span> 
     </span>
    </p>
   </div>
   <div class='ocr_carea' id='block_1_8' title="bbox 0 0 2016 5759">
    <p class='ocr_par' dir='ltr' id='par_1_9' title="bbox 0 0 2016 5759">
     <span class='ocr_line' id='line_1_34' title="bbox 0 0 2016 5759; baseline 0 0"><span class='ocrx_word' id='word_1_242' title='bbox 0 0 2016 5759; x_wconf 95' lang='lat' dir='ltr'> </span> 
     </span>
    </p>
   </div>
  </div>
 </body>
</html>
