3875 5759
605 935 827 1024 nutv.
875 877 1244 1010 nuntius.
1348 963 1413 1039 n,

448 1118 599 1196 ponere,
620 1118 694 1169 non
708 1065 852 1192 amplius
865 1091 1063 1191 sesquipede
1077 1092 1215 1167 debebis
1234 1092 1417 1197 immerge·
1501 1072 1510 1087 Χ

447 1236 508 1299 re,
523 1231 567 1280 ne
588 1205 769 1303 putrescat.
789 1205 901 1279 Clava
918 1204 982 1277 seri
1002 1205 1219 1278 commodius
1243 1206 1316 1298 est,
1337 1235 1416 1307 quae
1532 1238 1550 1267 ι

396 1391 403 1402 ,
446 1318 486 1392 sit
501 1311 672 1394 manubrii
695 1315 934 1404 crassitudine,
947 1312 1161 1414 longitudine
1183 1315 1351 1410 cubitali,
1372 1346 1417 1393 ex

447 1449 588 1527 utraque
604 1449 698 1524 parte
712 1426 882 1525 levigata,
899 1426 1001 1500 nodis
1015 1430 1054 1502 δι
1073 1426 1199 1501 aculeis
1219 1430 1347 1519 recisis,
1360 1430 1418 1505 sed
1441 1517 1444 1528 .
1485 1483 1489 1497 .

447 1539 577 1633 integra
594 1534 787 1610 summitate
809 1560 1039 1633 gemmarum,
1054 1559 1114 1631 per
1126 1557 1209 1633 quas
1226 1536 1299 1633 spes
1312 1537 1418 1613 futuri

447 1647 605 1747 germinis
622 1644 837 1720 intumescat.
857 1643 1108 1742 Diligentiores
1120 1648 1159 1720 dt
1178 1643 1262 1720 fimo
1285 1647 1417 1724 bubulo

428 1834 431 1853 ,
449 1758 593 1832 allinunt
611 1756 794 1853 utrinque,
816 1756 915 1851 quod
933 1756 1099 1829 summurn
1121 1755 1191 1846 est,
1206 1759 1264 1831 vel
1286 1761 1417 1834 marina

448 1867 521 1965 alga
540 1865 710 1955 vestiunt,
722 1866 782 1938 vel
800 1862 918 1962 argilla
942 1864 1102 1952 subada,
1121 1865 1225 1961 partis
1243 1866 1417 1966 utriusque

448 1993 598 2049 extrema
612 1973 838 2072 cooperiunt,
851 1991 953 2071 atque
967 1970 1014 2046 ita
1025 1972 1063 2045 in
1079 1972 1246 2071 pastinato
1262 1976 1340 2049 solo
1355 1980 1418 2051 de·

396 2147 400 2152 .
447 2101 596 2180 ponunt.
616 2083 774 2158 Talea&
789 2080 951 2181 gracilior
968 2081 1008 2155 dt
1030 2081 1173 2155 brevior
1187 2084 1258 2158 effe
1278 2086 1416 2183 potesl;

449 2217 528 2290 quae
552 2192 703 2268 similiter
723 2210 761 2265 ut
783 2192 882 2265 clava
902 2203 1084 2289 mergetur.
1107 2190 1162 2264 sed
1184 2194 1270 2267 talea
1294 2193 1417 2292 palmis

447 2304 584 2377 duobus
605 2303 766 2402 supersit:
784 2302 882 2377 clava
906 2299 1021 2374 omnis
1048 2300 1217 2378 obruitur.
1244 2302 1281 2377 in
1304 2303 1416 2402 spatio

447 2434 520 2485 non
533 2410 697 2486 desiderat
712 2408 893 2485 intervalla
909 2407 1050 2506 majora.
1063 2408 1135 2483 aliis
1149 2411 1328 2485 arboribus
1342 2439 1416 2487 non

447 2523 547 2597 debet
568 2522 714 2600 annedli.
730 2521 859 2596 Calidis
879 2520 988 2611 locis,
1009 2521 1066 2594 sed
1088 2519 1242 2622 irriguis,
1256 2527 1295 2597 δι
1314 2522 1417 2595 mari-

447 2632 540 2706 timis
560 2630 708 2705 maxime
731 2631 875 2731 gaudet‚
890 2628 1013 2730 quibus
1032 2632 1158 2708 humor
1172 2632 1336 2713 exundat.
1350 2631 1417 2703 Sed

446 2741 471 2813 sr
489 2741 567 2841 quis
583 2742 652 2817 lroc
670 2765 801 2839 genus,
821 2760 859 2814 ut
879 2737 914 2812 in
930 2740 1070 2839 regione
1088 2738 1208 2836 frigida
1223 2740 1417 2831 nutriatur,

447 2869 654 2949 extorquet,
666 2852 751 2926 loco
767 2851 824 2929 vel
842 2850 1025 2949 parietibus
1043 2850 1200 2938 munito,
1216 2846 1277 2919 vel
1293 2848 1329 2920 in
1341 2874 1416 2922 me·

449 2958 613 3032 ridianam
628 2978 757 3058 partem
777 2961 880 3036 verso
903 2959 1060 3059 disponat
1071 2958 1157 3032 hanc
1171 2958 1339 3032 arborem.
1361 2959 1419 3033 sed

449 3069 599 3144 hibernis
612 3070 779 3146 mensibus
790 3074 912 3148 tetrum
929 3070 1086 3147 slramine
1098 3070 1191 3145 velet
1203 3069 1340 3170 agresli:
1357 3069 1418 3144 ubi
1574 3127 1578 3134 .

446 3178 540 3253 aestas
560 3179 744 3274 refulserit,
763 3182 833 3256 aeri
847 3183 1050 3287 arbor'nuda
1067 3183 1106 3258 δι
1119 3180 1233 3258 secura
1245 3180 1416 3261 reddatur.

446 3289 551 3363 Talea
564 3289 636 3366 srve
648 3293 747 3368 clava
761 3289 834 3390 ejus
847 3293 1050 3368 calidisllmis
1066 3291 1287 3390 regionibus,
1302 3293 1340 3363 δι
1354 3314 1414 3387 per

446 3400 662 3475 austumnum
683 3401 828 3500 ponitur
842 3427 851 3475 t
868 3398 1085 3499 frigidissimis
1104 3399 1195 3474 lulio
1210 3398 1250 3472 dt
1265 3397 1417 3495 Augusto

447 3509 593 3604 positas,
608 3514 648 3585 δι
667 3510 875 3609 quotidianis
895 3511 1121 3610 rigationibus
1143 3508 1329 3597 animatas,
1346 3506 1416 3604 ipse

447 3613 553 3712 usque
571 3615 615 3687 ad
633 3640 735 3711 poma
753 3620 792 3690 δι
809 3642 931 3717 magna
947 3618 1155 3692 incrementa
1177 3612 1334 3713 perduxi.
1351 3614 1416 3687 (Ji-¹

447 3743 557 3799 treum
575 3724 686 3820 juvari
698 3727 848 3801 creditur
860 3782 872 3818 ‚
886 3728 910 3800 st
928 3728 1113 3803 cucurbitae
1129 3727 1253 3803 vicinis
1265 3726 1416 3798 locisse·

449 3856 587 3910 rantur:
605 3862 745 3935 quarum
767 3836 856 3911 vites
876 3836 977 3911 etiarn
1000 3837 1185 3912 combustae
1205 3836 1325 3909 utilem
1339 3832 1415 3905 citri

449 3945 625 4019 arboribus
642 3948 792 4020 cinerem
810 3948 974 4043 praebent.
987 3946 1145 4020 Gaudent
1160 3946 1282 4018 assidua
1294 3939 1414 4013 soslro-

449 4076 501 4125 ne.
522 4051 601 4128 hinc
623 4055 835 4151 proveniunt
855 4081 958 4153 poma
981 4053 1118 4150 majora.
1146 4052 1218 4126 Nisi
1233 4077 1308 4150 qua
1321 4048 1415 4123 arida

449 4160 546 4252 sunt,
561 4166 722 4240 rariffime
740 4166 901 4241 debemus
918 4166 1101 4241 abscidere.
1121 4165 1277 4258 lnseritur
1299 4161 1415 4237 mense

448 4275 556 4371 Aprili
568 4277 656 4350 locis
672 4278 814 4366 calidis,
827 4277 923 4373 Maio
937 4274 1086 4375 frigidis,
1101 4300 1175 4347 non
1187 4272 1247 4348 sub
1261 4272 1415 4365 cortice,

450 4384 502 4460 sed
517 4384 591 4463 fillo
606 4406 732 4465 trunto
747 4388 836 4464 circa
853 4390 939 4489 ipsas
950 4390 1088 4466 radices.
1100 4385 1259 4461 Inseritur
1270 4387 1308 4461 δι
1319 4382 1414 4483 pito,

1142 4496 1176 4568 H
1201 4518 1224 4569 a
