3875 5759
1363 845 1376 891 Ι

500 979 573 1055 420
667 953 1002 1027 vacarat
1050 956 1180 1028 nra.
1232 958 1298 1029 111.

497 1113 708 1219 quentislime
735 1115 876 1189 vulnera
910 1113 1111 1190 confricare.
1145 1116 1199 1187 Ad
1230 1140 1313 1213 quas
1346 1116 1465 1191 causas

497 1228 600 1302 etiam
623 1245 710 1296 terra
724 1223 888 1320 talparum
902 1222 1049 1325 creditur
1071 1223 1163 1319 posse
1175 1223 1335 1318 prodesse.
1350 1226 1467 1316 Quod

498 1336 573 1410 sain
585 1334 727 1418 itinere,
747 1331 854 1402 autin
871 1330 976 1420 locis,
989 1332 1047 1406 ubi
1064 1333 1146 1404 desrt
1165 1332 1265 1427 copia
1287 1332 1462 1405 fomento·

376 1525 388 1539 ,
475 1516 477 1520 ,
496 1470 593 1528 rum,
608 1439 777 1512 necesitas
790 1439 859 1535 ipsa
875 1439 1064 1539 contingit,
1075 1441 1197 1536 piperis
1211 1466 1310 1538 grana
1323 1441 1462 1544 triginta

496 1580 576 1630 cum
602 1551 745 1624 sextario
761 1551 836 1623 vini
853 1551 977 1626 veteris
991 1550 1156 1647 tepesaslo
1180 1552 1334 1625 saucibus
1356 1556 1461 1649 dege·

455 1741 457 1746 ,
496 1688 559 1737 res.
573 1665 610 1737 δι
623 1661 758 1734 herbam
771 1661 929 1758 thymum
949 1661 1059 1734 tritam
1074 1686 1151 1736 curn
1169 1662 1253 1734 vino
1268 1664 1290 1732 sr
1307 1663 1460 1755 dederis,

494 1772 648 1873 prodesse
669 1761 826 1861 creditur.
854 1770 988 1844 Morsus
1010 1769 1136 1867 viperae
1155 1771 1212 1842 vel
1230 1770 1460 1870 cujuscunque

495 1879 658 1982 serpentis
674 1879 876 1969 ostenditur,
893 1881 916 1953 fi
941 1882 1064 1953 humor
1084 1879 1218 1976 putidus
1234 1880 1275 1951 de
1290 1883 1387 1980 plaga
1407 1884 1459 1956 in·

494 1999 581 2094 cipit
604 2017 749 2070 currere.
779 1990 924 2064 Praesens
943 1992 1126 2064 remedium
1152 1992 1220 2079 ell,
1244 1993 1268 2063 sa
1293 1994 1457 2089 haedum,

491 2105 553 2182 vel
574 2103 723 2201 gallum,
742 2100 799 2174 vel
811 2126 935 2197 agnum
951 2100 1128 2200 itt-recenti
1151 2101 1335 2191 occideris,
1349 2106 1387 2177 δι
1401 2131 1456 2177 ca·

381 2239 387 2254 ·
492 2214 601 2286 lentes
622 2208 801 2303 pulmones
813 2208 884 2298 ejus
899 2232 976 2279 cum
997 2209 1172 2305 sanguine,
1187 2210 1243 2282 vel
1257 2213 1382 2301 eorde,
1398 2215 1457 2288 vel

429 2305 432 2312 ¹
490 2318 606 2417 jecore
629 2313 762 2387 vulneri
784 2310 999 2408 apposueris,
1020 2317 1262 2414 diligenterque
1284 2320 1454 2395 constrin-

457 2454 459 2461 ·
491 2425 605 2517 xeris,
620 2441 659 2498 ut
680 2444 782 2500 omne
795 2420 886 2493 virus
901 2422 1040 2496 educat:
1054 2426 1191 2499 elaturus
1206 2426 1373 2502 continuo
1390 2456 1454 2527 po-

490 2538 643 2614 tionem:
657 2530 764 2606 Acori
779 2528 912 2603 Pontici
925 2529 1138 2607 semiunciam
1155 2536 1265 2609 tritam
1282 2563 1360 2610 cum
1377 2541 1452 2614 vini

491 2647 616 2728 veteris
642 2643 812 2730 sextario,
839 2640 911 2715 salis
933 2642 1005 2715 triti
1036 2645 1204 2718 heminam
1234 2648 1359 2744 pariter
1385 2655 1451 2725 mi·

489 2762 588 2849 sees,
605 2754 852 2853 &tepesaslum
873 2753 1028 2828 saucibus
1044 2758 1181 2854 degeris.
1200 2760 1234 2831 si
1259 2747 1452 2856 perseuerat

465 2891 625 2958 tumor,
649 2868 755 2939 vitem
775 2868 883 2938 albam
906 2865 1088 2937 silvestrem
1111 2868 1249 2963 copiose
1274 2874 1450 2947 comburi·

487 3002 551 3071 to,
566 2987 603 3054 δι
617 3004 659 3050 ex
670 2977 848 3050 cineribus
866 2974 938 3067 ejus
957 2976 1113 3049 lixivium
1133 2979 1261 3068 facito,
1280 2982 1367 3055 &in
1383 3010 1450 3080 po·

488 3091 619 3165 tionem
644 3085 761 3156 triduo
781 3085 823 3156 ad
847 3110 949 3155 uniam
973 3085 1151 3159 sextarium
1177 3089 1266 3161 dato.
1287 3089 1451 3167 Cinerem

486 3220 627 3297 quoque
647 3194 754 3290 ipsum
776 3219 852 3266 cum
869 3214 968 3265 aceto
994 3194 1028 3266 in
1048 3199 1187 3270 modum
1206 3200 1454 3293 cataplasmatis

486 3304 624 3384 vulneri
638 3302 820 3401 imponito.
835 3303 869 3375 Si
894 3303 977 3375 nihil
997 3306 1192 3402 profecerit,
1207 3309 1359 3382 cauteriis
1372 3316 1450 3386 uri·

485 3438 550 3507 to,
571 3414 640 3489 ulla
661 3412 854 3487 solemniter
870 3434 1000 3487 curato.
1024 3416 1174 3488 Farinam
1191 3437 1328 3513 quoque
1355 3418 1447 3492 hor·

484 3531 641 3652 ‹l'eacpam
662 3552 740 3602 cum
762 3527 849 3601 vino
870 3528 1018 3621 &’sale,
1039 3531 1189 3629 oleoque
1212 3530 1382 3606 decoslam
1409 3536 1447 3612 in

483 3643 676 3723 cicatricem
697 3659 836 3737 oportet
855 3641 999 3736 imponi.
1462 3729 1465 3733 Α

536 3753 682 3826 LXXX.
702 3753 893 3825 Iumentum
912 3750 934 3821 fi
958 3751 994 3822 in
1015 3752 1140 3846 pabulo
1161 3778 1314 3825 araneum
1328 3779 1446 3831 come·

481 3864 571 3941 'derit
586 3916 595 3943 ,
613 3864 686 3936 haec
711 3882 809 3935 erunt
832 3863 945 3959 signa:
968 3862 1097 3934 Totum
1127 3890 1250 3961 corpus
1278 3867 1445 3956 tumebit,

483 3974 541 4047 sed
552 3972 639 4046 circa
652 3971 815 4058 auriculas
827 4024 838 4057 ‚
852 3973 891 4045 δι
905 3971 1042 4060 oculos,
1058 3974 1095 4045 δί
1110 3999 1204 4047 nares
1217 3972 1349 4046 inflatio
1365 4004 1444 4053 cum

481 4083 717 4179 indignatione
739 4079 848 4173 major
870 4100 1016 4178 apparet.
1039 4083 1094 4157 cui
1118 4085 1181 4156 hac
1205 4082 1336 4156 ratione
1364 4087 1446 4159 sub·

483 4195 607 4266 venis:
632 4194 687 4263 De
710 4191 823 4285 palato
847 4187 1035 4285 sanguinem
1061 4192 1178 4277 tolles,
1206 4216 1351 4288 eumque
1378 4222 1445 4270 ex·

479 4324 615 4393 wceptum
631 4298 719 4372 ¹curn
745 4298 889 4371 sextario
907 4300 991 4370 aceti
1014 4300 1201 4376 &hemina
1224 4302 1294 4374 salis
1318 4307 1446 4381 misce·

481 4410 551 4503 bis,
565 4416 600 4487 &
624 4412 712 4489 circa
731 4410 863 4513 plagam
885 4411 943 4489 vel
962 4410 1038 4489 loca
1062 4412 1222 4491 tumentia
1246 4440 1445 4517 perunges,
