<?xml version="1.0" encoding="UTF-8"?>
<!DOCTYPE html PUBLIC "-//W3C//DTD XHTML 1.0 Transitional//EN"
    "http://www.w3.org/TR/xhtml1/DTD/xhtml1-transitional.dtd">
<html xmlns="http://www.w3.org/1999/xhtml" xml:lang="en" lang="en">
 <head>
  <title>
</title>
<meta http-equiv="Content-Type" content="text/html;charset=utf-8" />
  <meta name='ocr-system' content='tesseract 3.04.00' />
  <meta name='ocr-capabilities' content='ocr_page ocr_carea ocr_par ocr_line ocrx_word'/>
</head>
<body>
  <div class='ocr_page' id='page_1' title='image "./scriptoresreiru00gesngoog_0071.png"; bbox 0 0 3875 5759; ppageno 0'>
   <div class='ocr_carea' id='block_1_1' title="bbox 542 873 1535 1006">
    <p class='ocr_par' dir='ltr' id='par_1_1' title="bbox 542 873 1535 1006">
     <span class='ocr_line' id='line_1_1' title="bbox 542 873 1535 1006; baseline 0.013 -42"><span class='ocrx_word' id='word_1_1' title='bbox 542 891 1399 1006; x_wconf 67' lang='lat' dir='ltr'><strong>utn.11.tnuunutus,·67</strong></span> <span class='ocrx_word' id='word_1_2' title='bbox 1533 873 1535 880; x_wconf 79' lang='grc'><strong>’</strong></span> 
     </span>
    </p>
   </div>
   <div class='ocr_carea' id='block_1_2' title="bbox 432 1026 1395 1151">
    <p class='ocr_par' dir='ltr' id='par_1_2' title="bbox 432 1026 1395 1151">
     <span class='ocr_line' id='line_1_2' title="bbox 432 1026 1395 1151; baseline 0.004 -24"><span class='ocrx_word' id='word_1_3' title='bbox 432 1052 500 1128; x_wconf 88' lang='lat' dir='ltr'><strong>rint</strong></span> <span class='ocrx_word' id='word_1_4' title='bbox 513 1050 656 1151; x_wconf 82' lang='lat' dir='ltr'><strong>spoliata</strong></span> <span class='ocrx_word' id='word_1_5' title='bbox 672 1049 867 1127; x_wconf 84' lang='lat' dir='ltr'><strong>corticibus.</strong></span> <span class='ocrx_word' id='word_1_6' title='bbox 887 1056 969 1127; x_wconf 81' lang='lat' dir='ltr'><strong>Haec</strong></span> <span class='ocrx_word' id='word_1_7' title='bbox 987 1055 1057 1128; x_wconf 88' lang='lat' dir='ltr'><strong>srne</strong></span> <span class='ocrx_word' id='word_1_8' title='bbox 1070 1081 1149 1129; x_wconf 90' lang='lat' dir='ltr'><strong>cura</strong></span> <span class='ocrx_word' id='word_1_9' title='bbox 1162 1055 1311 1134; x_wconf 88' lang='lat' dir='ltr'><strong>hominis</strong></span> <span class='ocrx_word' id='word_1_10' title='bbox 1326 1026 1395 1131; x_wconf 89' lang='lat' dir='ltr'><strong>ser·</strong></span> 
     </span>
    </p>
   </div>
   <div class='ocr_carea' id='block_1_3' title="bbox 372 1156 1396 1807">
    <p class='ocr_par' dir='ltr' id='par_1_3' title="bbox 372 1156 1396 1807">
     <span class='ocr_line' id='line_1_3' title="bbox 430 1156 1396 1261; baseline 0.002 -22"><span class='ocrx_word' id='word_1_11' title='bbox 430 1181 556 1239; x_wconf 81' lang='lat' dir='ltr'><strong>vantur</strong></span> <span class='ocrx_word' id='word_1_12' title='bbox 570 1162 608 1234; x_wconf 89' lang='lat' dir='ltr'><strong>in</strong></span> <span class='ocrx_word' id='word_1_13' title='bbox 623 1162 776 1261; x_wconf 89' lang='lat' dir='ltr'><strong>longum.</strong></span> <span class='ocrx_word' id='word_1_14' title='bbox 798 1162 833 1236; x_wconf 88' lang='lat' dir='ltr'><strong>Si</strong></span> <span class='ocrx_word' id='word_1_15' title='bbox 849 1156 1029 1238; x_wconf 78' lang='lat' dir='ltr'><strong>difficulter</strong></span> <span class='ocrx_word' id='word_1_16' title='bbox 1049 1163 1183 1238; x_wconf 88' lang='lat' dir='ltr'><strong>corium</strong></span> <span class='ocrx_word' id='word_1_17' title='bbox 1204 1167 1396 1261; x_wconf 81' lang='lat' dir='ltr'>dimittent,</span> 
     </span>
     <span class='ocr_line' id='line_1_4' title="bbox 429 1265 1395 1370; baseline 0.003 -24"><span class='ocrx_word' id='word_1_18' title='bbox 429 1273 534 1370; x_wconf 85' lang='lat' dir='ltr'><strong>paleis</strong></span> <span class='ocrx_word' id='word_1_19' title='bbox 553 1273 676 1356; x_wconf 87' lang='lat' dir='ltr'><strong>obruta</strong></span> <span class='ocrx_word' id='word_1_20' title='bbox 695 1271 866 1345; x_wconf 88' lang='lat' dir='ltr'><strong>continuo</strong></span> <span class='ocrx_word' id='word_1_21' title='bbox 881 1273 1088 1347; x_wconf 89' lang='lat' dir='ltr'><strong>relaxabunt.</strong></span> <span class='ocrx_word' id='word_1_22' title='bbox 1105 1276 1187 1346; x_wconf 85' lang='lat' dir='ltr'>Item</span> <span class='ocrx_word' id='word_1_23' title='bbox 1200 1265 1395 1369; x_wconf 83' lang='lat' dir='ltr'><strong>decoriata,</strong></span> 
     </span>
     <span class='ocr_line' id='line_1_5' title="bbox 372 1380 1395 1478; baseline 0 -20"><span class='ocrx_word' id='word_1_24' title='bbox 372 1435 379 1458; x_wconf 72' lang='grc'><strong><em>,</em></strong></span> <span class='ocrx_word' id='word_1_25' title='bbox 429 1382 454 1455; x_wconf 88' lang='lat' dir='ltr'>fi</span> <span class='ocrx_word' id='word_1_26' title='bbox 467 1407 556 1478; x_wconf 87' lang='lat' dir='ltr'><strong>aqua</strong></span> <span class='ocrx_word' id='word_1_27' title='bbox 570 1380 697 1455; x_wconf 88' lang='lat' dir='ltr'><strong>marina</strong></span> <span class='ocrx_word' id='word_1_28' title='bbox 714 1382 889 1467; x_wconf 80' lang='lat' dir='ltr'><strong>lavemus,</strong></span> <span class='ocrx_word' id='word_1_29' title='bbox 903 1401 959 1453; x_wconf 87' lang='lat' dir='ltr'><strong>aut</strong></span> <span class='ocrx_word' id='word_1_30' title='bbox 972 1382 1065 1473; x_wconf 90' lang='lat' dir='ltr'><strong>salsa,</strong></span> <span class='ocrx_word' id='word_1_31' title='bbox 1078 1385 1117 1457; x_wconf 78' lang='grc' dir='ltr'><strong>δι</strong></span> <span class='ocrx_word' id='word_1_32' title='bbox 1130 1385 1269 1458; x_wconf 89' lang='lat' dir='ltr'><strong>candida</strong></span> <span class='ocrx_word' id='word_1_33' title='bbox 1284 1384 1395 1478; x_wconf 84' lang='lat' dir='ltr'><strong>fiunt,</strong></span> 
     </span>
     <span class='ocr_line' id='line_1_6' title="bbox 428 1490 1395 1591; baseline 0.003 -25"><span class='ocrx_word' id='word_1_34' title='bbox 428 1490 671 1591; x_wconf 85' lang='lat' dir='ltr'><strong>&amp;plurimum</strong></span> <span class='ocrx_word' id='word_1_35' title='bbox 694 1492 829 1565; x_wconf 85' lang='lat' dir='ltr'><strong>durant.</strong></span> <span class='ocrx_word' id='word_1_36' title='bbox 849 1490 965 1563; x_wconf 89' lang='lat' dir='ltr'><strong>Mense</strong></span> <span class='ocrx_word' id='word_1_37' title='bbox 987 1494 1170 1566; x_wconf 89' lang='lat' dir='ltr'><strong>Decembri</strong></span> <span class='ocrx_word' id='word_1_38' title='bbox 1190 1495 1247 1567; x_wconf 87' lang='lat' dir='ltr'><strong>vel</strong></span> <span class='ocrx_word' id='word_1_39' title='bbox 1269 1497 1395 1576; x_wconf 78' lang='lat' dir='ltr'><strong>lanua-,-</strong></span> 
     </span>
     <span class='ocr_line' id='line_1_7' title="bbox 426 1600 1395 1698; baseline 0.003 -23"><span class='ocrx_word' id='word_1_40' title='bbox 426 1602 502 1692; x_wconf 92' lang='lat' dir='ltr'><strong>rio‚</strong></span> <span class='ocrx_word' id='word_1_41' title='bbox 530 1600 620 1674; x_wconf 91' lang='lat' dir='ltr'><strong>circa</strong></span> <span class='ocrx_word' id='word_1_42' title='bbox 645 1600 741 1691; x_wconf 90' lang='lat' dir='ltr'><strong>Idus,</strong></span> <span class='ocrx_word' id='word_1_43' title='bbox 762 1601 962 1698; x_wconf 88' lang='lat' dir='ltr'><strong>amygdalus</strong></span> <span class='ocrx_word' id='word_1_44' title='bbox 988 1600 1165 1676; x_wconf 82' lang='lat' dir='ltr'><strong>inseritur:</strong></span> <span class='ocrx_word' id='word_1_45' title='bbox 1190 1603 1278 1676; x_wconf 90' lang='lat' dir='ltr'><strong>locis</strong></span> <span class='ocrx_word' id='word_1_46' title='bbox 1305 1629 1395 1678; x_wconf 84' lang='lat' dir='ltr'><strong>vero</strong></span> 
     </span>
     <span class='ocr_line' id='line_1_8' title="bbox 427 1707 1393 1807; baseline 0.005 -26"><span class='ocrx_word' id='word_1_47' title='bbox 427 1707 580 1807; x_wconf 86' lang='lat' dir='ltr'><strong>frigidis,</strong></span> <span class='ocrx_word' id='word_1_48' title='bbox 603 1709 644 1782; x_wconf 78' lang='grc' dir='ltr'><strong>δι</strong></span> <span class='ocrx_word' id='word_1_49' title='bbox 664 1708 847 1781; x_wconf 86' lang='lat' dir='ltr'><strong>Februario</strong></span> <span class='ocrx_word' id='word_1_50' title='bbox 863 1732 873 1777; x_wconf 91' lang='lat'>:</span> <span class='ocrx_word' id='word_1_51' title='bbox 887 1707 911 1780; x_wconf 87' lang='lat' dir='ltr'><strong>s1</strong></span> <span class='ocrx_word' id='word_1_52' title='bbox 932 1729 1045 1781; x_wconf 87' lang='lat' dir='ltr'><strong>tamen</strong></span> <span class='ocrx_word' id='word_1_53' title='bbox 1060 1709 1214 1788; x_wconf 85' lang='lat' dir='ltr'><strong>surculos</strong></span> <span class='ocrx_word' id='word_1_54' title='bbox 1231 1712 1393 1805; x_wconf 88' lang='lat' dir='ltr'><strong>condias,</strong></span> 
     </span>
    </p>
   </div>
   <div class='ocr_carea' id='block_1_4' title="bbox 427 1818 1519 1919">
    <p class='ocr_par' dir='ltr' id='par_1_4' title="bbox 427 1818 1519 1919">
     <span class='ocr_line' id='line_1_9' title="bbox 427 1818 1519 1919; baseline -0.002 -24"><span class='ocrx_word' id='word_1_55' title='bbox 427 1839 609 1919; x_wconf 77' lang='lat' dir='ltr'><strong>antequam</strong></span> <span class='ocrx_word' id='word_1_56' title='bbox 624 1818 825 1918; x_wconf 79' lang='lat' dir='ltr'>germinem.</span> <span class='ocrx_word' id='word_1_57' title='bbox 839 1818 948 1892; x_wconf 82' lang='lat' dir='ltr'><strong>Utiles</strong></span> <span class='ocrx_word' id='word_1_58' title='bbox 962 1818 1060 1908; x_wconf 87' lang='lat' dir='ltr'><strong>sunt,</strong></span> <span class='ocrx_word' id='word_1_59' title='bbox 1074 1821 1132 1919; x_wconf 90' lang='lat' dir='ltr'><strong>qui</strong></span> <span class='ocrx_word' id='word_1_60' title='bbox 1148 1822 1189 1893; x_wconf 92' lang='lat' dir='ltr'><strong>de</strong></span> <span class='ocrx_word' id='word_1_61' title='bbox 1203 1820 1393 1898; x_wconf 87' lang='lat' dir='ltr'><strong>summitate</strong></span> <span class='ocrx_word' id='word_1_62' title='bbox 1515 1887 1519 1893; x_wconf 91' lang='lat'>.</span> 
     </span>
    </p>
   </div>
   <div class='ocr_carea' id='block_1_5' title="bbox 423 1929 1463 4439">
    <p class='ocr_par' dir='ltr' id='par_1_5' title="bbox 423 1929 1463 4439">
     <span class='ocr_line' id='line_1_10' title="bbox 427 1929 1395 2027; baseline 0.002 -23"><span class='ocrx_word' id='word_1_63' title='bbox 427 1930 615 2005; x_wconf 85' lang='lat' dir='ltr'><strong>sumuntur.</strong></span> <span class='ocrx_word' id='word_1_64' title='bbox 633 1930 828 2004; x_wconf 78' lang='lat' dir='ltr'><strong>inseruntur</strong></span> <span class='ocrx_word' id='word_1_65' title='bbox 846 1933 885 2005; x_wconf 80' lang='grc' dir='ltr'><strong>δι</strong></span> <span class='ocrx_word' id='word_1_66' title='bbox 903 1929 962 2001; x_wconf 92' lang='lat' dir='ltr'><strong>sub</strong></span> <span class='ocrx_word' id='word_1_67' title='bbox 977 1929 1128 2018; x_wconf 90' lang='lat' dir='ltr'><strong>cortice,</strong></span> <span class='ocrx_word' id='word_1_68' title='bbox 1141 1931 1179 2004; x_wconf 88' lang='lat'>&amp;</span> <span class='ocrx_word' id='word_1_69' title='bbox 1200 1930 1395 2027; x_wconf 68' lang='lat' dir='ltr'><strong>intrunc&amp;</strong></span> 
     </span>
     <span class='ocr_line' id='line_1_11' title="bbox 427 2039 1394 2140; baseline 0.002 -27"><span class='ocrx_word' id='word_1_70' title='bbox 427 2041 623 2116; x_wconf 79' lang='lat' dir='ltr'><strong>luseruntur</strong></span> <span class='ocrx_word' id='word_1_71' title='bbox 648 2042 684 2115; x_wconf 92' lang='lat' dir='ltr'><strong>in</strong></span> <span class='ocrx_word' id='word_1_72' title='bbox 707 2043 761 2132; x_wconf 89' lang='lat' dir='ltr'><strong>se,</strong></span> <span class='ocrx_word' id='word_1_73' title='bbox 783 2046 822 2117; x_wconf 76' lang='grc' dir='ltr'><strong>δι</strong></span> <span class='ocrx_word' id='word_1_74' title='bbox 849 2041 883 2114; x_wconf 92' lang='lat' dir='ltr'><strong>in</strong></span> <span class='ocrx_word' id='word_1_75' title='bbox 912 2041 1055 2140; x_wconf 75' lang='lat' dir='ltr'><strong>persico.</strong></span> <span class='ocrx_word' id='word_1_76' title='bbox 1086 2039 1200 2115; x_wconf 82' lang='lat' dir='ltr'><strong>Graeci</strong></span> <span class='ocrx_word' id='word_1_77' title='bbox 1225 2040 1394 2135; x_wconf 82' lang='lat' dir='ltr'><strong>asserunt,</strong></span> 
     </span>
     <span class='ocr_line' id='line_1_12' title="bbox 426 2150 1463 2251; baseline 0.003 -26"><span class='ocrx_word' id='word_1_78' title='bbox 426 2152 518 2226; x_wconf 89' lang='lat' dir='ltr'><strong>nasci</strong></span> <span class='ocrx_word' id='word_1_79' title='bbox 531 2154 706 2251; x_wconf 87' lang='lat' dir='ltr'><strong>amygdala</strong></span> <span class='ocrx_word' id='word_1_80' title='bbox 727 2152 867 2249; x_wconf 88' lang='lat' dir='ltr'><strong>scripta,</strong></span> <span class='ocrx_word' id='word_1_81' title='bbox 884 2151 908 2224; x_wconf 88' lang='lat' dir='ltr'><strong>si</strong></span> <span class='ocrx_word' id='word_1_82' title='bbox 925 2175 1040 2247; x_wconf 86' lang='lat' dir='ltr'><strong>aperta</strong></span> <span class='ocrx_word' id='word_1_83' title='bbox 1063 2150 1143 2224; x_wconf 85' lang='lat' dir='ltr'><strong>testa</strong></span> <span class='ocrx_word' id='word_1_84' title='bbox 1162 2150 1320 2225; x_wconf 87' lang='lat' dir='ltr'><strong>nucleum</strong></span> <span class='ocrx_word' id='word_1_85' title='bbox 1338 2153 1393 2228; x_wconf 89' lang='lat' dir='ltr'><strong>sa·</strong></span> <span class='ocrx_word' id='word_1_86' title='bbox 1458 2161 1463 2172; x_wconf 91' lang='lat'>&#39;</span> 
     </span>
     <span class='ocr_line' id='line_1_13' title="bbox 428 2257 1391 2360; baseline 0.007 -28"><span class='ocrx_word' id='word_1_87' title='bbox 428 2285 512 2333; x_wconf 75' lang='lat' dir='ltr'><strong>nunt</strong></span> <span class='ocrx_word' id='word_1_88' title='bbox 528 2263 646 2353; x_wconf 84' lang='lat' dir='ltr'><strong>tollas,</strong></span> <span class='ocrx_word' id='word_1_89' title='bbox 668 2264 706 2337; x_wconf 90' lang='lat'>&amp;</span> <span class='ocrx_word' id='word_1_90' title='bbox 724 2257 759 2336; x_wconf 93' lang='lat' dir='ltr'><strong>in</strong></span> <span class='ocrx_word' id='word_1_91' title='bbox 779 2287 825 2335; x_wconf 91' lang='lat' dir='ltr'><strong>eo</strong></span> <span class='ocrx_word' id='word_1_92' title='bbox 843 2261 1024 2360; x_wconf 85' lang='lat' dir='ltr'><strong>quodlibet</strong></span> <span class='ocrx_word' id='word_1_93' title='bbox 1045 2260 1189 2350; x_wconf 85' lang='lat' dir='ltr'><strong>scribas,</strong></span> <span class='ocrx_word' id='word_1_94' title='bbox 1209 2264 1248 2337; x_wconf 75' lang='grc' dir='ltr'><strong>δι</strong></span> <span class='ocrx_word' id='word_1_95' title='bbox 1268 2261 1391 2339; x_wconf 80' lang='lat' dir='ltr'><strong>iterum</strong></span> 
     </span>
     <span class='ocr_line' id='line_1_14' title="bbox 428 2368 1392 2467; baseline 0.008 -28"><span class='ocrx_word' id='word_1_96' title='bbox 428 2368 504 2441; x_wconf 86' lang='lat' dir='ltr'><strong>luto</strong></span> <span class='ocrx_word' id='word_1_97' title='bbox 518 2371 555 2443; x_wconf 75' lang='grc' dir='ltr'><strong>δι</strong></span> <span class='ocrx_word' id='word_1_98' title='bbox 570 2371 716 2467; x_wconf 91' lang='lat' dir='ltr'><strong>porcino</strong></span> <span class='ocrx_word' id='word_1_99' title='bbox 734 2370 882 2444; x_wconf 84' lang='lat' dir='ltr'><strong>flercore</strong></span> <span class='ocrx_word' id='word_1_100' title='bbox 900 2368 1100 2442; x_wconf 89' lang='lat' dir='ltr'><strong>involutum</strong></span> <span class='ocrx_word' id='word_1_101' title='bbox 1120 2392 1276 2465; x_wconf 84' lang='lat' dir='ltr'>reponas.</span> <span class='ocrx_word' id='word_1_102' title='bbox 1296 2373 1392 2465; x_wconf 78' lang='lat' dir='ltr'><strong>[rtr.</strong></span> 
     </span>
     <span class='ocr_line' id='line_1_15' title="bbox 426 2468 1462 2580; baseline 0.002 -29"><span class='ocrx_word' id='word_1_103' title='bbox 426 2481 523 2573; x_wconf 66' lang='lat' dir='ltr'><strong>avt]</strong></span> <span class='ocrx_word' id='word_1_104' title='bbox 535 2482 668 2554; x_wconf 81' lang='lat' dir='ltr'><strong>Nucem</strong></span> <span class='ocrx_word' id='word_1_105' title='bbox 680 2468 898 2579; x_wconf 66' lang='lat' dir='ltr'><strong>[juglandem]</strong></span> <span class='ocrx_word' id='word_1_106' title='bbox 911 2480 1057 2580; x_wconf 86' lang='lat' dir='ltr'><strong>feremus</strong></span> <span class='ocrx_word' id='word_1_107' title='bbox 1069 2496 1222 2552; x_wconf 85' lang='lat' dir='ltr'><strong>extremo</strong></span> <span class='ocrx_word' id='word_1_108' title='bbox 1232 2480 1391 2553; x_wconf 75' lang='lat' dir='ltr'><strong>Ianuario</strong></span> <span class='ocrx_word' id='word_1_109' title='bbox 1459 2571 1462 2578; x_wconf 24' lang='grc' dir='ltr'>Ι</span> 
     </span>
     <span class='ocr_line' id='line_1_16' title="bbox 427 2587 1393 2666; baseline 0.002 -5"><span class='ocrx_word' id='word_1_110' title='bbox 427 2589 484 2661; x_wconf 80' lang='lat' dir='ltr'><strong>vel</strong></span> <span class='ocrx_word' id='word_1_111' title='bbox 503 2590 699 2663; x_wconf 74' lang='lat' dir='ltr'><strong>februario.</strong></span> <span class='ocrx_word' id='word_1_112' title='bbox 722 2587 821 2664; x_wconf 79' lang='lat' dir='ltr'><strong>A&#39;mat</strong></span> <span class='ocrx_word' id='word_1_113' title='bbox 839 2590 915 2666; x_wconf 90' lang='lat' dir='ltr'><strong>loca</strong></span> <span class='ocrx_word' id='word_1_114' title='bbox 929 2608 1092 2662; x_wconf 85' lang='lat' dir='ltr'><strong>montana</strong></span> <span class='ocrx_word' id='word_1_115' title='bbox 1112 2588 1252 2660; x_wconf 87' lang='lat' dir='ltr'><strong>humida</strong></span> <span class='ocrx_word' id='word_1_116' title='bbox 1274 2592 1311 2663; x_wconf 78' lang='grc' dir='ltr'><strong>δι</strong></span> <span class='ocrx_word' id='word_1_117' title='bbox 1328 2588 1393 2663; x_wconf 88' lang='lat' dir='ltr'><strong>fri·</strong></span> 
     </span>
     <span class='ocr_line' id='line_1_17' title="bbox 425 2697 1389 2798; baseline 0.004 -30"><span class='ocrx_word' id='word_1_118' title='bbox 425 2697 503 2797; x_wconf 89' lang='lat' dir='ltr'><strong>gida</strong></span> <span class='ocrx_word' id='word_1_119' title='bbox 510 2754 522 2787; x_wconf 92' lang='lat'><em>,</em></span> <span class='ocrx_word' id='word_1_120' title='bbox 535 2699 733 2798; x_wconf 85' lang='lat' dir='ltr'><strong>plerumque</strong></span> <span class='ocrx_word' id='word_1_121' title='bbox 745 2701 907 2796; x_wconf 86' lang='lat' dir='ltr'><strong>lapidosa.</strong></span> <span class='ocrx_word' id='word_1_122' title='bbox 917 2700 1027 2798; x_wconf 86' lang='lat' dir='ltr'><strong>potest</strong></span> <span class='ocrx_word' id='word_1_123' title='bbox 1040 2718 1152 2771; x_wconf 87' lang='lat' dir='ltr'><strong>tamen</strong></span> <span class='ocrx_word' id='word_1_124' title='bbox 1163 2700 1296 2771; x_wconf 88' lang='lat' dir='ltr'><strong>&amp;locis</strong></span> <span class='ocrx_word' id='word_1_125' title='bbox 1307 2718 1389 2772; x_wconf 87' lang='lat' dir='ltr'><strong>tern-</strong></span> 
     </span>
     <span class='ocr_line' id='line_1_18' title="bbox 426 2806 1390 2904; baseline 0 -25"><span class='ocrx_word' id='word_1_126' title='bbox 426 2808 554 2904; x_wconf 89' lang='lat' dir='ltr'><strong>peratis</strong></span> <span class='ocrx_word' id='word_1_127' title='bbox 569 2807 709 2900; x_wconf 84' lang='lat' dir='ltr'><strong>juvante</strong></span> <span class='ocrx_word' id='word_1_128' title='bbox 721 2808 864 2879; x_wconf 86' lang='lat' dir='ltr'><strong>humore</strong></span> <span class='ocrx_word' id='word_1_129' title='bbox 878 2809 1009 2881; x_wconf 87' lang='lat' dir='ltr'><strong>nutriri.</strong></span> <span class='ocrx_word' id='word_1_130' title='bbox 1026 2807 1170 2878; x_wconf 88' lang='lat' dir='ltr'><strong>Serenda</strong></span> <span class='ocrx_word' id='word_1_131' title='bbox 1184 2806 1230 2877; x_wconf 81' lang='lat' dir='ltr'><strong>est</strong></span> <span class='ocrx_word' id='word_1_132' title='bbox 1247 2806 1390 2879; x_wconf 90' lang='lat' dir='ltr'><strong>nucibus</strong></span> 
     </span>
     <span class='ocr_line' id='line_1_19' title="bbox 426 2912 1411 3012; baseline 0.001 -25"><span class='ocrx_word' id='word_1_133' title='bbox 426 2916 497 2987; x_wconf 90' lang='lat' dir='ltr'><strong>suis</strong></span> <span class='ocrx_word' id='word_1_134' title='bbox 517 2940 562 2986; x_wconf 92' lang='lat' dir='ltr'><strong>eo</strong></span> <span class='ocrx_word' id='word_1_135' title='bbox 578 2939 693 3001; x_wconf 86' lang='lat' dir='ltr'><strong>more,</strong></span> <span class='ocrx_word' id='word_1_136' title='bbox 706 2938 776 3010; x_wconf 90' lang='lat' dir='ltr'><strong>quo</strong></span> <span class='ocrx_word' id='word_1_137' title='bbox 789 2916 827 2988; x_wconf 79' lang='grc' dir='ltr'><strong>δι</strong></span> <span class='ocrx_word' id='word_1_138' title='bbox 839 2918 1012 3012; x_wconf 88' lang='lat' dir='ltr'><strong>amygdala</strong></span> <span class='ocrx_word' id='word_1_139' title='bbox 1030 2915 1255 3003; x_wconf 84' lang='lat' dir='ltr'><strong>seruntur‚&amp;</strong></span> <span class='ocrx_word' id='word_1_140' title='bbox 1270 2912 1388 2988; x_wconf 87' lang='lat' dir='ltr'><strong>iisdem</strong></span> <span class='ocrx_word' id='word_1_141' title='bbox 1407 2939 1411 2950; x_wconf 86' lang='grc'><em>’</em></span> 
     </span>
     <span class='ocr_line' id='line_1_20' title="bbox 429 3022 1389 3121; baseline 0.002 -27"><span class='ocrx_word' id='word_1_142' title='bbox 429 3022 613 3095; x_wconf 79' lang='lat' dir='ltr'><strong>mensibus.</strong></span> <span class='ocrx_word' id='word_1_143' title='bbox 633 3022 685 3095; x_wconf 92' lang='lat' dir='ltr'><strong>sed</strong></span> <span class='ocrx_word' id='word_1_144' title='bbox 700 3048 780 3121; x_wconf 89' lang='lat' dir='ltr'><strong>quas</strong></span> <span class='ocrx_word' id='word_1_145' title='bbox 793 3024 987 3098; x_wconf 87' lang='lat' dir='ltr'><strong>Novembri</strong></span> <span class='ocrx_word' id='word_1_146' title='bbox 1006 3025 1117 3097; x_wconf 87' lang='lat' dir='ltr'><strong>mense</strong></span> <span class='ocrx_word' id='word_1_147' title='bbox 1136 3023 1306 3121; x_wconf 87' lang='lat' dir='ltr'><strong>disponis,</strong></span> <span class='ocrx_word' id='word_1_148' title='bbox 1323 3024 1389 3097; x_wconf 74' lang='lat' dir='ltr'><strong>ati-</strong></span> 
     </span>
     <span class='ocr_line' id='line_1_21' title="bbox 425 3130 1389 3227; baseline 0.011 -26"><span class='ocrx_word' id='word_1_149' title='bbox 425 3148 593 3227; x_wconf 85' lang='lat' dir='ltr'><strong>quatenus</strong></span> <span class='ocrx_word' id='word_1_150' title='bbox 609 3130 643 3201; x_wconf 91' lang='lat' dir='ltr'><strong>in</strong></span> <span class='ocrx_word' id='word_1_151' title='bbox 656 3131 725 3204; x_wconf 82' lang='lat' dir='ltr'><strong>sose</strong></span> <span class='ocrx_word' id='word_1_152' title='bbox 740 3132 900 3226; x_wconf 85' lang='lat' dir='ltr'><strong>siccabis,</strong></span> <span class='ocrx_word' id='word_1_153' title='bbox 913 3153 952 3207; x_wconf 90' lang='lat' dir='ltr'><strong>ut</strong></span> <span class='ocrx_word' id='word_1_154' title='bbox 969 3138 1156 3211; x_wconf 79' lang='lat' dir='ltr'><strong>exsiccetur</strong></span> <span class='ocrx_word' id='word_1_155' title='bbox 1176 3139 1319 3211; x_wconf 90' lang='lat' dir='ltr'><strong>noxium</strong></span> <span class='ocrx_word' id='word_1_156' title='bbox 1334 3139 1389 3212; x_wconf 81' lang='lat' dir='ltr'><strong>vi-</strong></span> 
     </span>
     <span class='ocr_line' id='line_1_22' title="bbox 424 3236 1391 3337; baseline 0.009 -26"><span class='ocrx_word' id='word_1_157' title='bbox 424 3264 482 3312; x_wconf 87' lang='lat' dir='ltr'><strong>rus</strong></span> <span class='ocrx_word' id='word_1_158' title='bbox 509 3239 671 3316; x_wconf 88' lang='lat' dir='ltr'><strong>humoris.</strong></span> <span class='ocrx_word' id='word_1_159' title='bbox 687 3236 791 3337; x_wconf 81' lang='lat' dir='ltr'><strong>&#39;Quas</strong></span> <span class='ocrx_word' id='word_1_160' title='bbox 814 3268 903 3316; x_wconf 85' lang='lat' dir='ltr'><strong>vero</strong></span> <span class='ocrx_word' id='word_1_161' title='bbox 930 3246 1042 3317; x_wconf 86' lang='lat' dir='ltr'><strong>mense</strong></span> <span class='ocrx_word' id='word_1_162' title='bbox 1063 3248 1219 3320; x_wconf 79' lang='lat' dir='ltr'><strong>Ianuario</strong></span> <span class='ocrx_word' id='word_1_163' title='bbox 1243 3249 1298 3322; x_wconf 85' lang='lat' dir='ltr'><strong>vel</strong></span> <span class='ocrx_word' id='word_1_164' title='bbox 1324 3253 1391 3322; x_wconf 77' lang='lat' dir='ltr'><strong>Fe·,</strong></span> 
     </span>
     <span class='ocr_line' id='line_1_23' title="bbox 424 3351 1388 3451; baseline 0.005 -28"><span class='ocrx_word' id='word_1_165' title='bbox 424 3351 564 3423; x_wconf 91' lang='lat' dir='ltr'><strong>bruario</strong></span> <span class='ocrx_word' id='word_1_166' title='bbox 582 3352 749 3448; x_wconf 88' lang='lat' dir='ltr'><strong>pofiturus</strong></span> <span class='ocrx_word' id='word_1_167' title='bbox 770 3376 826 3442; x_wconf 89' lang='lat' dir='ltr'><strong>es,</strong></span> <span class='ocrx_word' id='word_1_168' title='bbox 842 3378 928 3449; x_wconf 92' lang='lat' dir='ltr'><strong>aqua</strong></span> <span class='ocrx_word' id='word_1_169' title='bbox 951 3353 1094 3448; x_wconf 88' lang='lat' dir='ltr'><strong>fimplici</strong></span> <span class='ocrx_word' id='word_1_170' title='bbox 1114 3356 1221 3451; x_wconf 89' lang='lat' dir='ltr'><strong>pridie</strong></span> <span class='ocrx_word' id='word_1_171' title='bbox 1238 3380 1388 3428; x_wconf 83' lang='lat' dir='ltr'><strong>macera·</strong></span> 
     </span>
     <span class='ocr_line' id='line_1_24' title="bbox 425 3452 1386 3557; baseline 0 -20"><span class='ocrx_word' id='word_1_172' title='bbox 425 3464 486 3538; x_wconf 87' lang='lat' dir='ltr'><strong>bis.</strong></span> <span class='ocrx_word' id='word_1_173' title='bbox 507 3466 677 3538; x_wconf 84' lang='lat' dir='ltr'><strong>Ponenrus</strong></span> <span class='ocrx_word' id='word_1_174' title='bbox 699 3488 813 3539; x_wconf 89' lang='lat' dir='ltr'><strong>aurem</strong></span> <span class='ocrx_word' id='word_1_175' title='bbox 838 3452 1063 3555; x_wconf 76' lang='lat' dir='ltr'><strong>transuersas,</strong></span> <span class='ocrx_word' id='word_1_176' title='bbox 1084 3487 1123 3539; x_wconf 93' lang='lat' dir='ltr'><strong>ut</strong></span> <span class='ocrx_word' id='word_1_177' title='bbox 1142 3467 1248 3557; x_wconf 89' lang='lat' dir='ltr'><strong>latus,</strong></span> <span class='ocrx_word' id='word_1_178' title='bbox 1262 3467 1296 3538; x_wconf 91' lang='lat' dir='ltr'><strong>id</strong></span> <span class='ocrx_word' id='word_1_179' title='bbox 1317 3466 1386 3555; x_wconf 89' lang='lat' dir='ltr'><strong>est,</strong></span> 
     </span>
     <span class='ocr_line' id='line_1_25' title="bbox 425 3573 1387 3674; baseline 0.004 -29"><span class='ocrx_word' id='word_1_180' title='bbox 425 3573 539 3647; x_wconf 79' lang='lat' dir='ltr'><strong>carina</strong></span> <span class='ocrx_word' id='word_1_181' title='bbox 560 3575 628 3672; x_wconf 91' lang='lat' dir='ltr'><strong>ipsa</strong></span> <span class='ocrx_word' id='word_1_182' title='bbox 651 3574 773 3673; x_wconf 86' lang='lat' dir='ltr'><strong>figatur</strong></span> <span class='ocrx_word' id='word_1_183' title='bbox 792 3574 828 3645; x_wconf 92' lang='lat' dir='ltr'><strong>in</strong></span> <span class='ocrx_word' id='word_1_184' title='bbox 852 3596 951 3645; x_wconf 87' lang='lat' dir='ltr'><strong>terra.</strong></span> <span class='ocrx_word' id='word_1_185' title='bbox 973 3598 1136 3648; x_wconf 80' lang='lat' dir='ltr'><strong>cacumen</strong></span> <span class='ocrx_word' id='word_1_186' title='bbox 1156 3576 1285 3674; x_wconf 86' lang='lat' dir='ltr'><strong>ipsum,</strong></span> <span class='ocrx_word' id='word_1_187' title='bbox 1306 3601 1387 3649; x_wconf 89' lang='lat' dir='ltr'><strong>curn</strong></span> 
     </span>
     <span class='ocr_line' id='line_1_26' title="bbox 424 3682 1396 3784; baseline 0.003 -29"><span class='ocrx_word' id='word_1_188' title='bbox 424 3683 584 3780; x_wconf 87' lang='lat' dir='ltr'><strong>ponimus</strong></span> <span class='ocrx_word' id='word_1_189' title='bbox 612 3710 757 3775; x_wconf 87' lang='lat' dir='ltr'><strong>nucem,</strong></span> <span class='ocrx_word' id='word_1_190' title='bbox 779 3682 818 3770; x_wconf 89' lang='lat' dir='ltr'><strong>in</strong></span> <span class='ocrx_word' id='word_1_191' title='bbox 842 3682 1012 3782; x_wconf 86' lang='lat' dir='ltr'><strong>aquilonis</strong></span> <span class='ocrx_word' id='word_1_192' title='bbox 1037 3705 1164 3782; x_wconf 88' lang='lat' dir='ltr'><strong>partem</strong></span> <span class='ocrx_word' id='word_1_193' title='bbox 1195 3685 1396 3784; x_wconf 83' lang='lat' dir='ltr'><strong>dirigemus.·</strong></span> 
     </span>
     <span class='ocr_line' id='line_1_27' title="bbox 424 3787 1385 3893; baseline -0.005 -25"><span class='ocrx_word' id='word_1_194' title='bbox 424 3787 522 3893; x_wconf 80' lang='lat' dir='ltr'><strong>Lapis</strong></span> <span class='ocrx_word' id='word_1_195' title='bbox 535 3795 665 3878; x_wconf 79' lang='lat' dir='ltr'><strong>subter,</strong></span> <span class='ocrx_word' id='word_1_196' title='bbox 680 3794 738 3868; x_wconf 85' lang='lat' dir='ltr'><strong>vel</strong></span> <span class='ocrx_word' id='word_1_197' title='bbox 752 3794 832 3867; x_wconf 84' lang='lat' dir='ltr'><strong>testa</strong></span> <span class='ocrx_word' id='word_1_198' title='bbox 844 3795 1003 3891; x_wconf 88' lang='lat' dir='ltr'><strong>ponenda</strong></span> <span class='ocrx_word' id='word_1_199' title='bbox 1017 3796 1085 3884; x_wconf 88' lang='lat' dir='ltr'><strong>est,</strong></span> <span class='ocrx_word' id='word_1_200' title='bbox 1098 3813 1137 3867; x_wconf 90' lang='lat' dir='ltr'><strong>ut</strong></span> <span class='ocrx_word' id='word_1_201' title='bbox 1149 3796 1296 3866; x_wconf 89' lang='lat' dir='ltr'><strong>radicem</strong></span> <span class='ocrx_word' id='word_1_202' title='bbox 1311 3818 1385 3864; x_wconf 89' lang='lat' dir='ltr'><strong>non</strong></span> 
     </span>
     <span class='ocr_line' id='line_1_28' title="bbox 425 3899 1385 4003; baseline -0.003 -27"><span class='ocrx_word' id='word_1_203' title='bbox 425 3904 607 4003; x_wconf 85' lang='lat' dir='ltr'><strong>simplicet,</strong></span> <span class='ocrx_word' id='word_1_204' title='bbox 629 3905 684 3976; x_wconf 91' lang='lat' dir='ltr'><strong>sed</strong></span> <span class='ocrx_word' id='word_1_205' title='bbox 708 3904 895 4000; x_wconf 73' lang='lat' dir='ltr'><strong>repercutit</strong></span> <span class='ocrx_word' id='word_1_206' title='bbox 911 3903 1087 4001; x_wconf 79' lang='lat' dir='ltr'><strong>respergat.</strong></span> <span class='ocrx_word' id='word_1_207' title='bbox 1111 3903 1237 3975; x_wconf 85' lang='lat' dir='ltr'><strong>Laetior</strong></span> <span class='ocrx_word' id='word_1_208' title='bbox 1260 3899 1385 3987; x_wconf 83' lang='lat' dir='ltr'><strong>fiet‚sr</strong></span> 
     </span>
     <span class='ocr_line' id='line_1_29' title="bbox 427 4007 1418 4110; baseline -0.009 -23"><span class='ocrx_word' id='word_1_209' title='bbox 427 4014 542 4110; x_wconf 75' lang='lat' dir='ltr'><strong>sapius</strong></span> <span class='ocrx_word' id='word_1_210' title='bbox 558 4013 786 4090; x_wconf 84' lang='lat' dir='ltr'><strong>transferatur.</strong></span> <span class='ocrx_word' id='word_1_211' title='bbox 808 4014 845 4085; x_wconf 90' lang='lat' dir='ltr'><strong>in</strong></span> <span class='ocrx_word' id='word_1_212' title='bbox 866 4011 996 4110; x_wconf 84' lang='lat' dir='ltr'><strong>frigidis</strong></span> <span class='ocrx_word' id='word_1_213' title='bbox 1016 4013 1102 4092; x_wconf 87' lang='lat' dir='ltr'><strong>locis</strong></span> <span class='ocrx_word' id='word_1_214' title='bbox 1121 4013 1233 4101; x_wconf 87' lang='lat' dir='ltr'><strong>bima,</strong></span> <span class='ocrx_word' id='word_1_215' title='bbox 1247 4012 1282 4083; x_wconf 90' lang='lat' dir='ltr'><strong>in</strong></span> <span class='ocrx_word' id='word_1_216' title='bbox 1297 4007 1385 4107; x_wconf 77' lang='lat' dir='ltr'><strong>cali·</strong></span> <span class='ocrx_word' id='word_1_217' title='bbox 1410 4045 1418 4088; x_wconf 53' lang='lat'><strong>2·</strong></span> 
     </span>
     <span class='ocr_line' id='line_1_30' title="bbox 426 4117 1442 4217; baseline -0.013 -16"><span class='ocrx_word' id='word_1_218' title='bbox 426 4124 474 4201; x_wconf 65' lang='lat' dir='ltr'><strong>&amp;s</strong></span> <span class='ocrx_word' id='word_1_219' title='bbox 488 4123 588 4199; x_wconf 87' lang='lat' dir='ltr'><strong>trima</strong></span> <span class='ocrx_word' id='word_1_220' title='bbox 602 4120 773 4196; x_wconf 87' lang='lat' dir='ltr'><strong>transferri</strong></span> <span class='ocrx_word' id='word_1_221' title='bbox 792 4121 901 4197; x_wconf 90' lang='lat' dir='ltr'><strong>debet.</strong></span> <span class='ocrx_word' id='word_1_222' title='bbox 922 4118 1066 4191; x_wconf 87' lang='lat' dir='ltr'><strong>Radices</strong></span> <span class='ocrx_word' id='word_1_223' title='bbox 1082 4121 1269 4217; x_wconf 87' lang='lat' dir='ltr'><strong>plantarum</strong></span> <span class='ocrx_word' id='word_1_224' title='bbox 1286 4117 1384 4210; x_wconf 78' lang='lat' dir='ltr'><strong>(sicut</strong></span> <span class='ocrx_word' id='word_1_225' title='bbox 1440 4176 1442 4188; x_wconf 92' lang='lat'><em>.</em></span> 
     </span>
     <span class='ocr_line' id='line_1_31' title="bbox 425 4228 1384 4327; baseline -0.002 -23"><span class='ocrx_word' id='word_1_226' title='bbox 425 4230 460 4304; x_wconf 92' lang='lat' dir='ltr'><strong>in</strong></span> <span class='ocrx_word' id='word_1_227' title='bbox 478 4233 553 4307; x_wconf 82' lang='lat' dir='ltr'><strong>aliis</strong></span> <span class='ocrx_word' id='word_1_228' title='bbox 574 4232 751 4304; x_wconf 87' lang='lat' dir='ltr'><strong>arboribus</strong></span> <span class='ocrx_word' id='word_1_229' title='bbox 775 4230 933 4323; x_wconf 90' lang='lat' dir='ltr'><strong>solemus)</strong></span> <span class='ocrx_word' id='word_1_230' title='bbox 948 4230 985 4300; x_wconf 92' lang='lat' dir='ltr'><strong>in</strong></span> <span class='ocrx_word' id='word_1_231' title='bbox 1006 4228 1074 4301; x_wconf 91' lang='lat' dir='ltr'><strong>hoc</strong></span> <span class='ocrx_word' id='word_1_232' title='bbox 1095 4254 1216 4327; x_wconf 87' lang='lat' dir='ltr'><strong>genere</strong></span> <span class='ocrx_word' id='word_1_233' title='bbox 1236 4228 1384 4302; x_wconf 88' lang='lat' dir='ltr'><strong>resecare</strong></span> 
     </span>
     <span class='ocr_line' id='line_1_32' title="bbox 423 4337 1384 4439; baseline 0 -24"><span class='ocrx_word' id='word_1_234' title='bbox 423 4361 496 4415; x_wconf 85' lang='lat' dir='ltr'><strong>uon</strong></span> <span class='ocrx_word' id='word_1_235' title='bbox 517 4339 629 4415; x_wconf 86' lang='lat' dir='ltr'><strong>debes.</strong></span> <span class='ocrx_word' id='word_1_236' title='bbox 650 4340 748 4414; x_wconf 86' lang='lat' dir='ltr'><strong>Firno</strong></span> <span class='ocrx_word' id='word_1_237' title='bbox 770 4338 901 4415; x_wconf 90' lang='lat' dir='ltr'><strong>bubulo</strong></span> <span class='ocrx_word' id='word_1_238' title='bbox 924 4338 992 4412; x_wconf 85' lang='lat' dir='ltr'><strong>ima</strong></span> <span class='ocrx_word' id='word_1_239' title='bbox 1013 4338 1128 4439; x_wconf 73' lang='lat' dir='ltr'><strong>plenta</strong></span> <span class='ocrx_word' id='word_1_240' title='bbox 1148 4338 1304 4437; x_wconf 86' lang='lat' dir='ltr'><strong>tingenda</strong></span> <span class='ocrx_word' id='word_1_241' title='bbox 1323 4337 1384 4415; x_wconf 57' lang='lat' dir='ltr'><strong>esi,</strong></span> 
     </span>
    </p>
   </div>
   <div class='ocr_carea' id='block_1_6' title="bbox 0 0 1942 5759">
    <p class='ocr_par' dir='ltr' id='par_1_6' title="bbox 0 0 1942 5759">
     <span class='ocr_line' id='line_1_33' title="bbox 0 0 1942 5759; baseline 0 4"><span class='ocrx_word' id='word_1_242' title='bbox 0 0 1942 5759; x_wconf 95' lang='lat' dir='ltr'><strong> </strong></span> 
     </span>
    </p>
   </div>
  </div>
 </body>
</html>
