3875 5759
495 903 499 910 ·
595 932 665 1010 320
761 896 1093 997 v'scerrr
1140 912 1268 987 ern.
1317 867 1372 989 11}

591 1068 694 1147 scitur
707 1067 813 1169 fignis.
827 1064 929 1140 Labia
949 1066 1020 1164 ejus
1034 1070 1073 1144 δι
1085 1069 1251 1159 maxilla,
1270 1095 1333 1145 nec
1354 1096 1423 1153 non
1443 1070 1550 1146 etiam

592 1204 688 1255 nares
703 1167 774 1273 ejus
794 1178 1023 1272 depravantur
1043 1180 1079 1251 in
1093 1197 1206 1275 perte,
1221 1182 1267 1252 ita
1287 1199 1325 1253 ut
1344 1180 1404 1253 vix
1421 1181 1551 1254 cibaria

592 1289 748 1362 dentibus
768 1286 884 1357 illidat.
907 1286 997 1378 Quae
1014 1286 1112 1357 etiam
1125 1285 1321 1359 humoribus
1340 1289 1437 1383 plena
1453 1310 1551 1383 repe·

592 1400 674 1485 ries,
687 1398 725 1469 δι
743 1419 820 1467 cum
840 1393 991 1467 voluerit
1005 1393 1137 1483 bibere,
1151 1418 1191 1466 os
1203 1394 1307 1493 usque
1342 1398 1362 1467 d
1382 1420 1476 1470 nares
1488 1393 1553 1483 def·

591 1525 717 1602 merget
732 1505 768 1579 in
787 1530 906 1601 aquam
919 1528 930 1590 3
945 1503 1023 1600 quia
1046 1503 1178 1575 infirma
1199 1504 1271 1576 sunt
1296 1421 1382 1577 labia
1392 1557 1406 1602 1,
1426 1501 1551 1600 quibus
1595 1549 1598 1557 ·

586 1613 719 1690 stauflus
736 1610 921 1710 attrahitur.
936 1613 1047 1686 Aceto
1061 1615 1099 1686 δι
1115 1614 1178 1685 sale
1193 1612 1308 1709 lingua
1325 1613 1448 1706 ejus&
1461 1612 1551 1683 labia

589 1722 769 1798 diutissime
782 1724 1025 1824 perfricantur,
1043 1725 1153 1799 donec
1166 1724 1293 1821 sanguis
1306 1743 1449 1802 emanat.
1461 1723 1553 1795 Ter·

591 1836 640 1909 tia
660 1835 714 1908 die
732 1834 912 1910 causticum
932 1835 1074 1907 crudum
1099 1836 1134 1906 in
1151 1832 1207 1905 illa
1230 1831 1321 1929 parte
1337 1825 1554 1929 labii'impo·

592 1943 666 2031 nis,
682 1969 759 2041 quae
772 1943 870 2017 sentit
885 1940 1041 2037 iniuriam
1052 1995 1063 2032 ,
1075 1967 1152 2016 cum
1173 1942 1300 2016 cautela
1312 1995 1323 2029 ,
1337 1959 1374 2013 ut
1386 1941 1477 2036 prius
1499 1941 1555 2011 al·

593 2051 677 2150 liges
701 2053 876 2149 linguam,
899 2077 942 2126 ne
965 2051 1201 2127 medicamenti
1230 2050 1394 2124 uiolentia
1416 2067 1557 2123 noceat.

594 2162 684 2234 Cum
704 2159 952 2245 medicamento
977 2160 1065 2233 labia
1085 2161 1217 2259 perusta
1234 2161 1380 2249 videris,
1397 2184 1483 2254 aqua
1503 2158 1558 2229 la·

417 2294 422 2301 ·
542 2366 546 2375 .
594 2269 692 2345 rabis
704 2320 716 2358 ‚
729 2268 851 2342 deinde
863 2286 962 2343 aceto
974 2272 1013 2345 δι
1031 2272 1113 2346 oleo
1127 2271 1284 2362 fovebis,
1301 2272 1385 2344 ficut
1397 2269 1460 2343 alia
1476 2267 1558 2340 vul·

594 2402 699 2467 uera,
719 2378 757 2451 δι
779 2378 843 2450 hac
863 2377 996 2450 ratione
1015 2378 1199 2451 curabitur.
1220 2380 1253 2449 Si
1279 2403 1363 2462 vero
1386 2376 1556 2449 maxillam

595 2483 769 2559 fideratam
781 2483 986 2576 habuerit&
1002 2487 1228 2575 ronamhaec
1238 2486 1284 2558 est
1300 2511 1389 2559 cura.
1403 2487 1464 2559 De
1473 2504 1557 2557 tem·

556 2666 559 2673 ,
597 2595 740 2694 poribus
760 2593 870 2691 'partis
891 2593 1203 2693 ipsius‘sanguinem
1233 2595 1413 2684 detrahes,
1439 2593 1557 2667 simum

480 2703 484 2720 '
599 2705 764 2780 bubulum
779 2705 947 2781 acerrimo
958 2723 1058 2781 aceto
1075 2706 1311 2803 permiscebis,
1327 2710 1365 2779 &
1379 2704 1558 2780 diutiffime

484 2850 487 2855 ·
598 2820 792 2917 decoques,
806 2821 844 2893 δι
867 2819 953 2915 parti
978 2829 1192 2915 temporum,
1206 2841 1248 2889 ex
1270 2842 1335 2914 qua
1364 2814 1559 2912 sanguinem

598 2928 808 3015 extraxeris,
829 2931 974 3004 calidum
987 2932 1126 3004 induces
1146 2927 1263 3023 saepius
1279 2982 1290 3013 ,
1308 2948 1346 2997 ut
1373 2923 1558 2997 exsrccetur

600 3042 639 3111 δι
657 3058 771 3127 curet,
785 3041 849 3113 hac
861 3041 940 3117 usus
953 3044 1109 3137 potione.
1121 3039 1338 3135 Trixaginem
1350 3091 1362 3126 ,
1376 3035 1559 3134 hyssopum

599 3143 813 3236 silvaticum,
833 3148 1033 3245 origanum,
1060 3148 1253 3245 serpillum,
1278 3146 1562 3235 aristolochiam,

601 3279 760 3327 mannam
782 3256 897 3344 croci,
914 3280 979 3353 pro
1000 3256 1104 3354 aequis
1126 3257 1332 3352 ponderibus
1356 3257 1563 3331 contundito

602 3384 706 3464 atque
722 3366 896 3457 cribrato,
911 3394 953 3440 ex
973 3391 1044 3465 quo
1056 3369 1195 3462 pulvere
1210 3368 1345 3462 plenum
1360 3366 1564 3457 cochleare,

604 3496 681 3547 cnm
703 3499 788 3571 aqua
808 3475 934 3567 mulsa,
948 3475 1029 3549 oleo
1045 3480 1082 3550 &
1096 3476 1180 3549 vino
1200 3501 1257 3572 per
1272 3502 1385 3549 narem
1402 3475 1564 3549 unimam

509 3574 512 3580 ’
603 3582 646 3655 ad
664 3608 765 3654 unam
787 3584 954 3657 heminam
973 3575 1126 3681 quotidie
1146 3604 1283 3699 opoptet
1297 3585 1442 3658 infundi.

654 3692 728 3766 XL.
750 3693 926 3764 Convenit
944 3693 985 3763 de
999 3692 1144 3777 cervicis
1159 3692 1333 3765 curatione
1352 3693 1484 3765 disluro
1500 3692 1565 3764 ob«

604 3796 830 3873 servationem
850 3800 997 3875 indicare
1010 3799 1212 3871 flebotomi:
1235 3802 1312 3895 quia
1324 3801 1417 3874 'circa
1436 3827 1474 3875 ea
1489 3803 1566 3877 loca

604 3905 986 4011 frequenterloperatnr.
1002 3910 1219 3983 Dettaslurus
1236 3910 1426 4008 sanguinem
1442 3911 1568 3985 animal

476 4014 479 4022 ’
533 4029 535 4033 ‘
606 4044 626 4091 a
649 4020 729 4090 cibo
747 4018 923 4091 abstinebis
943 4022 982 4094 δι
996 4038 1103 4114 potu,
1125 4022 1244 4115 aequali
1266 4023 1346 4093 loco
1372 4024 1570 4096 constitues·

482 4219 484 4228 ἲ
605 4143 689 4200 tnnc
705 4127 818 4200 lotum
833 4126 927 4220 supra
944 4128 1111 4201 cervicem
1125 4130 1208 4202 alins
1222 4147 1352 4218 tenear,
1369 4132 1405 4202 δι
1421 4131 1582 4204 adstrinr

606 4257 662 4333 gat
682 4239 722 4307 ad
747 4262 922 4324 normann,
942 4256 980 4309 ut
994 4244 1080 4309 vena
1094 4236 1221 4309 facilius
1240 4258 1404 4335 appareat.
1429 4243 1569 4314 Deinde

606 4345 705 4441 supra
726 4347 907 4451 laqueum,
924 4348 965 4421 de
986 4346 1121 4421 srnillrae
1145 4374 1261 4424 manus
1289 4347 1412 4448 pollice
1442 4376 1568 4429 venam
