3875 5759
593 937 661 1040 318
760 933 1370 1012 VEGETIILIB.11.
1453 949 1456 954 ’

588 1097 807 1197 cartilagine,
834 1094 896 1167 hac
921 1094 1052 1167 ratione
1078 1114 1207 1168 curato.
1234 1098 1405 1189 Ipterdum
1426 1096 1552 1171 animai

587 1208 817 1305 despumatum
840 1199 991 1277 remissus
1010 1204 1110 1278 semel
1124 1208 1164 1277 de
1186 1207 1300 1302 palato
1317 1209 1448 1309 sanguis
1477 1234 1551 1281 non

586 1320 699 1420 potest
720 1314 879 1409 reprimi,
903 1334 1043 1411 propter
1067 1341 1171 1413 quam
1189 1318 1441 1411 neumaiam,
1466 1321 1552 1393 ficut

587 1430 685 1525 supra
705 1425 862 1521 scriptum
882 1426 953 1515 est,
968 1426 1004 1499 in
1021 1427 1125 1512 loco,
1141 1425 1260 1525 inquo
1276 1429 1391 1527 sagitta
1412 1448 1549 1526 ruptum

586 1541 635 1613 est
649 1538 815 1634 palatum,
831 1537 1004 1636 spongiam
1019 1537 1184 1633 imponis,
1202 1559 1371 1637 caputque
1390 1539 1463 1633 ejus
1478 1539 1549 1613 sur·

584 1648 658 1725 sum
681 1647 894 1747 constringe,
907 1653 954 1722 &²
963 1674 1050 1747 aqua
1064 1647 1185 1747 frigida
1199 1675 1294 1723 renes
1308 1652 1551 1747 cerebrumque

583 1759 824 1858 testiculosque
841 1760 1025 1858 perfundis.
1044 1762 1134 1853 Quae
1158 1760 1251 1833 ressr
1274 1761 1398 1832 tardius
1425 1761 1553 1832 subve-

584 1869 662 1958 nit,
683 1871 822 1944 acatiam
845 1870 972 1967 nigram
987 1872 1025 1943 &
1044 1867 1134 1967 turis
1147 1868 1311 1964 pollinem
1335 1866 1439 1964 aequis
1461 1894 1553 1962 pon·

585 1979 724 2053 deribus
740 2005 783 2053 ex
808 1997 907 2054 aceto
927 1977 1093 2052 acerrimo
1121 1977 1346 2072 temperabis,
1370 1995 1555 2072 torumque

498 2142 500 2146 -
584 2107 691 2185 caput
703 2088 844 2179 illinies,
857 2088 968 2163 donec
981 2086 1113 2185 sanguis
1126 2085 1195 2183 ipsa
1209 2085 1444 2181 constriciione
1458 2085 1555 2159 clau·

586 2198 700 2270 datur.

637 2305 785 2377 XXXV.
798 2304 930 2374 Mature
943 2298 1132 2397 periculum
1151 2316 1265 2391 creat,
1280 2324 1356 2374 curn
1373 2297 1476 2372 incisa
1494 2321 1556 2368 ve·

587 2434 633 2483 na
653 2408 765 2483 claudi
786 2432 860 2479 non
881 2406 990 2503 potest
1010 2405 1045 2477 in
1067 2406 1196 2503 palato:
1213 2406 1267 2479 sed
1289 2407 1458 2480 continuo
1479 2404 1556 2476 san·

587 2516 701 2614 guinis
722 2513 930 2611 profluvium
951 2514 1149 2599 inhibetur,
1171 2514 1194 2585 fi
1215 2533 1270 2588 aut
1292 2513 1452 2588 candenti
1473 2537 1556 2585 cau·

588 2627 680 2701 terio
709 2624 809 2699 fuerit
831 2644 958 2698 meatus
983 2622 1040 2695 itte
1065 2623 1340 2714 combustum&
1366 2621 1556 2719 suspensum

591 2735 693 2811 altius
719 2753 831 2832 caput.
856 2736 945 2808 Cum
969 2758 1030 2830 per
1050 2756 1146 2804 nares
1168 2731 1299 2830 sanguis
1325 2731 1468 2817 defluit,
1496 2754 1556 2803 nec

586 2846 700 2945 potest
713 2846 809 2919 aliter
829 2842 988 2933 retineri,
1000 2842 1217 2917 coriandrum
1234 2829 1377 2913 viridem
1391 2840 1555 2913 sufficien-

586 2958 804 3041 remundes,
825 2954 1030 3050 succumque
1054 2950 1125 3045 ejus
1146 2952 1359 3047 expressum,
1382 2949 1556 3023 substrido

588 3089 681 3159 equo
694 3116 706 3153 ,
721 3064 858 3156 naribus
869 3062 1048 3148 infundes,
1059 3061 1185 3157 frigore
1198 3062 1341 3135 naturali
1360 3086 1462 3134 venas
1478 3086 1557 3157 pro·
1583 3095 1587 3100 ·

589 3172 683 3245 tinus
705 3169 853 3243 claudite
874 3170 1022 3242 chartam
1037 3170 1137 3252 etiam
1160 3172 1197 3242 δι
1220 3169 1330 3242 lanam
1352 3169 1558 3261 combures,

591 3278 770 3377 ipsumque
787 3276 962 3371 pulverem
978 3300 1037 3371 per
1050 3274 1189 3350 fistulam
1211 3275 1391 3352 insufflabis
1410 3279 1557 3351 naribus.

639 3389 808 3463 XXXVI.
826 3388 1007 3458 Mucorum
1021 3388 1121 3459 etiam
1139 3387 1332 3486 qualitates,
1347 3388 1406 3485 qui
1420 3413 1478 3485 per
1492 3412 1556 3458 na·

591 3523 646 3573 res
664 3498 827 3586 effluunt,
847 3495 1151 3586 convenitnoffe,
1167 3499 1344 3594 exquibus
1365 3523 1470 3594 genus
1485 3495 1558 3593 pas·

466 3641 468 3648 ⁴
590 3610 696 3685 saonis
718 3607 927 3696 ostenditur,
949 3609 989 3681 δι
1008 3607 1105 3681 causa
1125 3609 1264 3707 cognita
1289 3610 1422 3683 facilius
1444 3610 1561 3708 curari,

591 3718 710 3819 potest.
731 3722 854 3791 Mucus
878 3716 1037 3813 limpidus
1058 3719 1246 3792 cotidianus
1270 3718 1336 3806 est,
1354 3722 1411 3808 &‚
1426 3719 1488 3790 nifi
1504 3718 1556 3790 ni·

510 3860 514 3867 ·
590 3829 679 3901 mius
701 3827 827 3918 fuerit,
846 3852 917 3900 non
940 3827 1040 3900 debet
1062 3828 1124 3900 effe
1146 3828 1319 3923 suspedus,
1340 3830 1481 3902 Craffus·
1495 3853 1556 3900 au·

591 3960 660 4014 tem
681 3946 720 4016 &
741 3926 900 4015 candidus
918 3967 936 4014 a
951 3944 1091 4016 cerebro
1113 3940 1248 4030 defluit,
1265 3945 1302 4016 δι
1329 3944 1492 4042 admonet
1517 3938 1559 4012 ad

591 4053 756 4125 medelam
776 4052 895 4149 capitis
916 4045 1149 4124 festinandum.
1170 4054 1331 4140 Rubem,
1349 4052 1482 4141 tenuis,
1497 4050 1558 4123 sri-

589 4166 708 4265 gidus,
722 4167 845 4239 veteris
860 4164 1084 4260 perstiffionis
1098 4166 1211 4259 prodit
1230 4165 1397 4259 injuriam.
1412 4168 1557 4262 Propter

592 4275 687 4366 quod
701 4271 927 4348 thermanticis
941 4269 1140 4369 potionibus
1155 4270 1298 4345 calefieri
1315 4271 1439 4343 animal
1451 4296 1556 4367 opor·

559 4396 652 4486 ¹ter.
670 4382 866 4475 Caeruleus,
883 4379 919 4454 id
935 4380 983 4456 est
993 4435 1007 4473 ,
1020 4377 1149 4475 fuscus,
1167 4380 1253 4456 levis
1267 4382 1309 4455 ab
1332 4379 1555 4454 interioribus
