3875 5759
552 857 1257 1016 lustrrnurrnurus.n
1340 877 1384 975 sl

428 1050 499 1127 dio.
518 1052 703 1142 creduntur
720 1047 796 1127 hoc'
807 1080 927 1152 genere
950 1055 1007 1129 vel
1032 1055 1167 1154 fugere,
1192 1058 1251 1132 vel
1266 1060 1395 1155 perire.-

422 1161 461 1237 si
475 1161 586 1234 minus
600 1161 688 1234 ferre
705 1165 848 1258 coeperit
861 1218 872 1254 ‚
886 1166 972 1237 redae
994 1190 1119 1239 cuneus
1134 1165 1206 1261 ejus
1219 1170 1387 1245 radicibus

424 1265 606 1357 inseratur,
621 1270 678 1345 vel
694 1270 784 1344 circa
798 1291 927 1367 partem
939 1273 1090 1347 ultimam
1112 1274 1194 1348 fossa
1210 1276 1292 1350 sada
1303 1333 1314 1365 ,
1324 1305 1387 1370 ,cu-

382 1406 393 1418 ⁸
423 1381 522 1454 mulo
538 1380 655 1479 ingesti
670 1382 791 1457 cineris
806 1385 1008 1480 adaequetur.
1030 1386 1145 1459 Mense
1162 1387 1268 1487 Aprili
1288 1388 1387 1463 sorba

406 1488 617 1564 'inseruntur
640 1488 676 1561 in
695 1490 750 1581 se,
772 1492 807 1563 in
829 1492 1013 1589 cydoneo‚
1036 1494 1071 1565 in
1094 1493 1186 1590 spina
1212 1494 1304 1582 alba,
1329 1499 1386 1570 vel

421 1616 549 1698 trunpo
561 1652 574 1688 ‚
588 1598 645 1676 rel
669 1599 808 1679 cortice,
827 1602 933 1673 Sorba
955 1601 1133 1676 servantur
1155 1602 1223 1676 lloc
1240 1627 1384 1700 generet

422 1712 521 1785 Leda
544 1708 682 1783 duriora
705 1736 745 1785 ac
761 1710 891 1806 polita,
914 1710 972 1783 ubi
997 1710 1168 1788 mitescere
1193 1714 1383 1808 coeperim,

421 1816 579 1891 ficlilibus
607 1817 779 1914 usquead
812 1820 946 1915 plenum
980 1819 1181 1892 clauduntur
1211 1822 1382 1907 urceolis,

420 1925 531 2025 gypso
541 1926 683 2022 desuper
695 1928 806 2016 tedis,
821 1928 1054 2023 &bipedanea
1068 1927 1184 2001 scrobe
1198 1928 1279 1999 loco
1293 1929 1385 2024 sicco
1430 2011 1434 2022 ,

421 2037 481 2109 sub
495 2037 567 2142 sole
579 2025 772 2136 merguntur
784 2062 846 2110 ore
859 2036 1041 2134 perverso,
1053 2040 1093 2111 δι’
1105 2036 1244 2133 desuper
1257 2037 1384 2134 spissius

418 2162 510 2216 tetra
525 2144 679 2219 calcatur.
700 2152 782 2219 ltem
803 2146 886 2220 sesla
903 2171 962 2242 per
981 2164 1089 2242 partes
1103 2146 1266 2219 siccantur
1276 2146 1311 2218 in
1326 2148 1383 2221 so·

421 2255 476 2343 le,
489 2254 528 2330 &
545 2254 717 2332 serrantur
729 2256 765 2328 in
782 2254 925 2327 vasculis
945 2254 980 2326 in
1000 2255 1189 2330 hibernum.
1209 2255 1297 2326 Cum
1314 2275 1403 2328 vo-·

419 2365 581 2466 luen'mus
606 2366 781 2465 uti„aqua
808 2364 952 2440 ferventi
977 2384 1143 2438 macerata
1170 2364 1382 2459 revirescunt

418 2472 537 2569 sapore
556 2474 719 2568 jucundo.
744 2472 860 2570 Aliqui
886 2497 962 2546 cum
986 2472 1150 2567 pediculis
1173 2471 1236 2545 sois
1261 2473 1382 2547 viridia

419 2578 502 2653 lesla
517 2581 722 2679 suspendunt
740 2582 827 2654 locis
841 2581 956 2676 opacis
971 2583 1009 2655 δι
1023 2580 1126 2654 siccis.
1143 2585 1224 2653 ltem
1241 2606 1283 2653 ex
1306 2583 1381 2655 sor·

419 2689 472 2763 bis
488 2693 647 2782 maturis,
666 2692 750 2766 licut
770 2716 813 2764 ex
830 2689 910 2786 piris
910 2742 931 2804 ³
946 2690 1068 2763 vinum
1088 2688 1318 2763 fieri'traditur
1341 2695 1381 2765 δι

417 2821 562 2876 acetum.
574 2804 642 2877 Alii
656 2802 751 2876 sorba
766 2795 805 2880 in'
818 2801 1053 2897 sapa'a'slerunr
1068 2801 1127 2873 diu
1142 2803 1233 2896 posse
1245 2801 1381 2878 servari.

421 2915 635 3010 Amygdalus
649 2916 767 2988 seritur
787 2914 941 2989 Ianuario
957 2916 994 2987 δι
1008 2914 1213 2999 Februario,
1227 2911 1306 3000 irem
1324 2913 1381 2985 lo·

422 3020 474 3092 cis
487 3022 601 3095 calidis
617 3024 758 3098 Odlobri
771 3030 807 3099 &
821 3023 1032 3110 Novembri,
1049 3021 1173 3095 semine
1187 3025 1224 3096 dt
1238 3017 1379 3117 plantis,

421 3156 502 3228 quac·
518 3132 559 3206 de
577 3133 712 3226 majoris
730 3135 841 3208 radice
859 3136 1036 3207 tolluntur.
1051 3132 1116 3204 Sed
1131 3132 1166 3203 in
1180 3131 1247 3205 hoc
1258 3157 1380 3230 genere

420 3242 550 3315 arboris
572 3244 658 3317 nihil
672 3244 794 3317 utilius
815 3245 881 3333 ell,
902 3268 1003 3340 quam
1024 3240 1235 3313 seminarium
1259 3240 1380 3330 facere.

418 3349 597 3424 Fodiemus
610 3377 693 3449 ergo
706 3354 804 3424 altam
819 3353 904 3449 pede
918 3375 990 3424 nno
1006 3348 1102 3422 semis
1115 3374 1247 3434 aream,
1262 3349 1296 3419 in
1311 3376 1380 3447 qua

417 3458 602 3534 obruemus
620 3460 819 3559 amygdala,
835 3486 907 3532 non
922 3460 1066 3555 amplius
1080 3477 1226 3554 quatuor
1244 3457 1378 3554 digitis,

410 3566 464 3665 ¹ita
475 3588 515 3668 ¹ut
534 3569 690 3643 acumina
707 3568 845 3667 figamus
863 3569 898 3640 in
917 3589 1026 3666 terra,
1042 3566 1148 3663 spatio
1167 3565 1255 3639 inter
1274 3565 1305 3639 se
1324 3567 1378 3639 bi·

416 3701 542 3752 norum
561 3680 684 3776 pedum
706 3680 862 3778 separata.
885 3682 1010 3750 Amant
1024 3702 1144 3775 agrum
1161 3677 1300 3762 durum,
1317 3676 1378 3749 src·

418 3810 517 3877 curn,
540 3789 762 3888 calculosum,
787 3791 913 3864 coelum
935 3788 1185 3871 calidissimum,
1205 3783 1284 3878 quia
1306 3806 1377 3851 ma·

372 3937 374 3946 =
416 3910 493 3968 ture
508 3894 906 3971 florereconsueverunt.
921 3896 966 3968 ita
988 3896 1168 3972 statuendas,
1189 3892 1263 3963 sunt
1278 3888 1376 3961 arbo·

338 4031 342 4048 =
417 4024 492 4090 res„
514 4022 553 4074 ut
574 4004 617 4075 ad
637 4004 813 4076 meridiem
838 4005 995 4099 speslent.
1021 4005 1110 4073 Cum
1136 4001 1170 4082 in
1197 3993 1376 4070 seminario
1473 4049 1476 4062 .

416 4110 649 4203 adoleverint,
663 4117 786 4187 relidlis
799 4116 867 4204 ibi,
879 4141 954 4211 quae
969 4112 1076 4208 spatio
1091 4108 1270 4188 sufficiant,
1284 4103 1378 4198 plan·

414 4221 481 4311 tis,-
501 4222 582 4295 alias
604 4223 840 4296 transferemus
866 4224 977 4296 mense
1005 4219 1198 4328 Februarip.
1223 4214 1286 4284 Sed
1308 4213 1377 4307 ipsa

419 4330 599 4430 amygdala
614 4332 656 4432 ad
676 4334 897 4431 ponendum,
909 4336 947 4410 δι
961 4356 1055 4409 nova
1068 4330 1212 4426 legamus
1227 4322 1264 4396 δι
1277 4347 1378 4423 gran·
