3875 5759
571 863 1435 961 s4enttnutruustu11

572 1028 629 1101 sed
644 1025 761 1097 melius
779 1022 863 1097 cinis
887 1021 1060 1120 spargetur
1082 1020 1117 1092 in
1141 1020 1335 1111 scrobibus,
1355 1038 1400 1093 ne·
1417 1019 1533 1118 calore

572 1135 728 1211 stercoris
744 1135 921 1207 aduratur:
936 1157 1013 1204 nam
1039 1131 1124 1204 cinis
1146 1134 1297 1206 creditur
1317 1136 1373 1205 vel
1397 1135 1534 1207 corticis

571 1241 829 1317 teneritudinem
854 1264 1056 1336 procurare,
1071 1240 1128 1309 vel
1149 1226 1317 1314 frudldum
1340 1243 1540 1337 densitatem
1580 1291 1586 1302 ·

574 1350 730 1448 {afferre}
744 1348 831 1422 Altis
846 1348 1018 1421 scrobibus
1037 1346 1220 1421 deledlatur
1233 1374 1297 1444 pto
1312 1347 1443 1421 arboris
1460 1374 1542 1420 ma·-

573 1459 768 1557 gnitudine‚
782 1459 821 1531 &
835 1456 994 1528 defiderat
1008 1455 1187 1531 intervalla
1202 1456 1351 1551 majora,
1368 1457 1447 1552 quia
1464 1456 1535 1528 stil-

573 1570 696 1644 licidiis
714 1568 878 1640 foliorum
897 1566 1242 1661 suorumproximis,
1258 1566 1313 1639 vel
1335 1566 1383 1639 sui
1404 1567 1535 1662 generis

488 1738 491 1751 .
574 1679 713 1753 nocebit
740 1678 929 1751 arboribus.
957 1676 1071 1750 Debet
1096 1674 1280 1771 aliquando
1307 1672 1536 1760 circumfodi,

574 1813 619 1885 ne
640 1812 724 1859 cava
743 1784 803 1859 liat
823 1785 913 1858 vitio
931 1784 1107 1857 senedutis
1119 1812 1128 1857 ε
1142 1784 1269 1880 [quau
1290 1782 1460 1873 vitietur‚]
1477 1806 1536 1853 ca·

574 1898 661 1989 nalis
674 1874 828 1995 ldngusa
848 1896 978 1970 summo
1000 1915 1124 1972 trunco
1138 1899 1181 1970 ad
1193 1898 1296 1981 imum
1309 1895 1407 1966 debet
1428 1905 1539 1964 circu-²

575 2007 632 2078 di:
652 2006 697 2078 fic
717 2003 883 2079 beneficio
908 2006 988 2079 solis
1009 2010 1047 2082 δι
1071 2006 1167 2079 venti
1189 2003 1382 2091 durescunt,
1404 2028 1481 2099 quae
1499 2002 1540 2074 in·

575 2115 787 2213 putredinem
805 2104 997 2197 tranfibdnr.
1019 2116 1052 2188 Si
1066 2117 1150 2187 duta
1167 2141 1237 2188 nux
1250 2113 1332 2200 erit,
1350 2113 1408 2187 vel
1421 2111 1537 2184 nodo·

577 2223 630 2311 sa,
641 2241 761 2294 cortex
775 2220 1067 2296 circumcidendus
1085 2222 1168 2304 erit,
1182 2243 1219 2295 ut
1242 2222 1363 2296 vitium
1379 2221 1456 2292 mali
1478 2221 1539 2289 de·

578 2331 682 2402 ducat
698 2327 859 2400 humoris.
874 2328 942 2400 Alii
955 2326 1105 2412 radicum
1121 2326 1247 2400 summa
1261 2327 1465 2420 praecidunt:
1481 2325 1539 2396 alii

578 2437 756 2511 terebratae
770 2436 874 2508 radici
887 2435 999 2533 palum
1013 2435 1054 2506 de
1069 2435 1163 2507 buxo
1177 2435 1397 2529 imprimunt,
1410 2424 1470 2523 vel
1480 2459 1540 2505 cu·
1577 2441 1580 2446 ’

580 2547 716 2645 prinum
731 2546 892 2635 clavum,
908 2546 964 2619 vel
977 2543 1136 2619 ferreum.
1152 2544 1186 2616 Si
1199 2544 1416 2617 Tarentinam
1431 2541 1540 2615 sacete

580 2655 754 2744 volueris,
768 2644 872 2726 solam
890 2653 990 2728 nucis
1011 2678 1145 2726 carnem
1166 2651 1239 2724 lana
1260 2672 1398 2749 propter
1417 2651 1540 2723 formi-

579 2790 635 2842 cas
659 2763 864 2837 obvolutam
886 2764 926 2836 'in
956 2762 1136 2836 seminario
1159 2762 1294 2835 debebis
1323 2761 1478 2833 obruere.
1505 2756 1539 2830 si

579 2873 743 2946 ferentem
758 2870 824 2966 jam
837 2873 956 2981 inhoc
971 2899 1075 2973 genus
1093 2872 1178 2948 velis
1194 2893 1321 2947 mutare
1333 2926 1344 2963 ,
1358 2871 1468 2944 lixivo
1483 2893 1542 2965 per

580 3005 706 3052 annum
727 2980 929 3052 continuum
950 2998 1002 3053 ter
1017 2981 1139 3078 rigabis
1159 2981 1194 3079 iu
1218 2983 1339 3054 mense.
1358 2984 1488 3053 Cortex
1506 2978 1544 3050 in

582 3111 672 3167 nuce
690 3086 837 3159 dimissus
852 3089 1052 3162 maturitatis
1072 3090 1233 3164 indicium
1246 3091 1310 3178 est,
1322 3090 1429 3184 qualis
1447 3090 1544 3160 debet

583 3196 623 3268 δι
646 3192 740 3290 poni.
762 3196 875 3269 Nuces
899 3198 1077 3271 servantur
1104 3199 1161 3271 vel
1185 3198 1287 3294 paleis
1312 3198 1462 3285 obrutae,
1485 3197 1543 3270 vel

585 3328 703 3390 arena,
720 3303 776 3375 vel
795 3302 888 3376 foliis
908 3304 973 3378 suis
992 3306 1108 3397 aridis,
1128 3309 1185 3381 vel
1205 3330 1281 3379 arca
1304 3330 1346 3376 ex
1368 3303 1462 3401 ligno
1481 3306 1548 3376 suo-

584 3412 669 3518 sadla
684 3410 835 3501 inclusae,
850 3413 907 3486 vel
921 3414 1030 3512 coepis
1041 3415 1171 3514 mixtae,
1186 3414 1307 3511 quibus
1321 3412 1408 3485 hanc
1422 3411 1546 3485 viciffi-

585 3520 737 3594 tudinem
756 3522 924 3611 reddunt,
936 3543 972 3595 ut
991 3523 1039 3595 cis
1053 3525 1242 3597 acredinem
1257 3522 1389 3622 tollant.
1404 3524 1546 3595 Martia·

586 3628 629 3700 lis
644 3626 787 3722 [afferit,
800 3631 850 3723 δι]
869 3650 1043 3726 expertum
1067 3631 1099 3706 se
1119 3631 1188 3722 ait,
1204 3632 1328 3706 virides
1349 3655 1452 3705 nuces
1470 3650 1545 3702 tan-

587 3753 661 3814 tum
676 3734 794 3808 liberas
807 3737 1034 3831 putaminibus
1047 3738 1111 3812 suis
1127 3739 1223 3810 melle
1238 3740 1385 3837 demergi
1397 3791 1408 3827 ,
1420 3740 1455 3809 dc
1470 3738 1554 3833 poll·

588 3873 716 3921 annum
741 3847 867 3920 virides
890 3850 974 3939 elle,
994 3851 1033 3924 δι
1058 3848 1167 3945 ipsum,
1192 3851 1258 3923 mel
1282 3852 1328 3923 ita
1352 3848 1547 3921 medicabile

588 3953 684 4045 fieri,
699 3975 737 4029 ut
753 3980 797 4028 ex
816 3980 859 4029 eo
875 3956 960 4049 sada
980 3958 1080 4055 potio
1099 3958 1242 4052 arterias,
1254 3977 1349 4032 curet
1365 3958 1403 4029 δι
1425 3955 1546 4032 fauces.

588 4062 767 4153 bisetitur,
786 4082 824 4136 ut
847 4057 998 4161 pletitiue
1014 4064 1215 4160 [afferunt,}
1233 4063 1344 4136 mense
1364 4066 1547 4138 Februario

588 4170 626 4243 in
646 4169 790 4247 arbuto:
812 4173 866 4247 sed
886 4175 1008 4249 melius
1025 4175 1061 4248 in
1080 4163 1227 4263 trunco,
1249 4194 1286 4272 ut
1307 4173 1430 4274 aliqui,
1450 4178 1486 4248 &
1511 4176 1547 4248 in

586 4301 722 4390 pruno,
745 4281 805 4360 vel
822 4282 860 4358 in
880 4283 930 4376 le.
955 4283 1173 4394 H⁰⁶ss¹l¹9l¹s9
1199 4284 1330 4366 tuberes
1354 4286 1552 4393 inseruntur
