3875 5759
325 983 433 1006 ,,
490 928 536 1003 ψ
608 898 1355 976 rnnnnnrtnut1nn

489 1091 558 1140 tem
575 1062 747 1139 currentis.
756 1063 916 1137 imitetur.
928 1064 993 1136 Sed
1007 1062 1030 1135 si
1042 1062 1224 1160 aliquando
1243 1062 1279 1135 in
1293 1086 1451 1160 quocun·

409 1242 414 1249 .
489 1199 557 1272 que
578 1174 661 1252 loco
682 1172 896 1270 pavimenti,
909 1172 966 1245 vel
986 1171 1120 1270 parietis
1136 1174 1266 1245 cessura
1291 1172 1451 1246 succum·

489 1282 574 1371 bat,
588 1280 659 1368 hoc
674 1305 778 1379 genus
801 1280 935 1352 malthae
949 1279 1201 1370 adhibebimus,
1215 1299 1252 1351 ut
1272 1280 1396 1352 humor
1408 1279 1452 1352 in

489 1389 618 1461 exitum
641 1389 751 1463 nitens
777 1389 878 1485 posllt
897 1389 1035 1463 includi.
1059 1388 1174 1461 Rimas
1193 1392 1231 1465 δι
1248 1388 1385 1463 lacunas
1402 1390 1454 1461 ci·
1484 1390 1488 1394 ’

491 1496 698 1587 slernarum,
719 1498 757 1570 δι
777 1473 945 1594 piscinis,
971 1496 1026 1569 vel
1045 1515 1166 1593 puteos
1189 1495 1365 1571 sarciemus
1384 1496 1457 1582 hoc

488 1629 636 1703 genere,
651 1609 688 1679 δι
707 1605 733 1677 st
752 1606 877 1679 humor
897 1605 1045 1703 persana
1063 1606 1223 1700 manabit.
1240 1606 1327 1678 Picis
1351 1606 1456 1703 liqui-

471 1718 544 1789 “dae
565 1736 728 1814 quantum
743 1717 920 1808 volueris,
935 1718 973 1791 δι
993 1718 1189 1790 tantundem
1205 1718 1312 1789 sumes
1330 1716 1457 1814 ungui·

491 1825 560 1914 nis,
575 1826 670 1922 quod
690 1850 858 1900 vocamus
871 1825 1076 1923 axungiam,
1092 1826 1148 1898 vel
1163 1824 1292 1897 sevum.
1304 1828 1405 1898 Tunc
1419 1826 1456 1897 in

491 1935 562 2007 olla
574 1955 755 2033 utrumque
770 1935 942 2023 miscebis,
956 1939 995 2007 δι
1009 1958 1156 2031 coques,
1176 1935 1286 2007 donec
1299 1933 1426 2030 spumet
1442 1962 1455 2021 3

492 2044 614 2116 deinde
629 2045 670 2116 ab
684 2043 762 2141 igne
778 2040 981 2114 removebis.
997 2042 1087 2113 Cum
1109 2040 1209 2112 fuerit
1223 2041 1339 2112 eadem
1355 2039 1456 2112 resri-

493 2172 604 2249 gerata
621 2152 826 2248 permixtio,
842 2152 967 2224 calcem
982 2150 1140 2223 minutim
1153 2148 1385 2245 superadjicies
1395 2204 1407 2238 ,
1419 2152 1458 2223 &

494 2263 538 2333 ad
557 2287 663 2334 unum
683 2285 808 2357 corpus
827 2260 944 2332 omnia
960 2260 1067 2357 mixta
1092 2259 1283 2332 revocabis.
1299 2260 1456 2355 Cumque

475 2362 592 2459 ,velus
617 2370 846 2467 strigmentum
870 2368 1014 2458 seceris,
1032 2367 1154 2451 inseres
1178 2369 1264 2442 locis
1290 2369 1459 2464 corruptis

495 2506 535 2552 ac
551 2481 787 2571 manantibus,
808 2485 847 2553 &
868 2479 1010 2577 pressum
1034 2479 1158 2550 summa
1174 2478 1333 2551 denfirare
1347 2480 1460 2552 calca·

377 2637 379 2640 -
496 2591 560 2663 bis.
581 2590 730 2681 Salutate
744 2590 808 2661 erit
822 2612 924 2685 aquas
939 2588 1021 2662 illuc
1037 2612 1097 2683 per
1111 2589 1216 2659 tubos
1230 2586 1345 2659 fisliles
1360 2587 1459 2675 duci,

497 2702 537 2771 &
554 2693 683 2796 opertis
698 2698 857 2770 immeare
877 2694 1044 2768 cisternis,
1062 2720 1138 2767 nam
1155 2695 1300 2768 coeleslis
1315 2699 1400 2791 aqua
1418 2694 1461 2767 ad

496 2807 681 2879 bibendum
696 2804 857 2878 omnibus
876 2803 1085 2891 antefertur,
1099 2819 1138 2875 ut
1150 2806 1188 2876 &
1205 2802 1229 2873 sr
1244 2793 1349 2874 sluens
1363 2802 1466 2873 adhi-'

496 2917 571 2989 beri
591 2916 714 3013 poffit,
737 2940 813 3011 quae
832 2914 969 2987 salubris
993 2937 1065 2985 non
1087 2912 1154 2999 est,
1175 2913 1318 2989 lavacris
1341 2914 1460 3014 debeat

401 3028 405 3051 ¹
498 3027 732 3099 &hortorum
753 3048 875 3094 vacare
891 3023 1045 3095 culturae.

547 3134 671 3204 XVlll.
697 3130 828 3203 Cellam
850 3123 1022 3228 vinariam
1039 3133 1279 3228 Septemtrioni
1302 3134 1460 3206 debemus

499 3240 624 3313 habere
637 3238 826 3336 oppositam
839 3232 1244 3337 frigidam,velobscurae
1257 3244 1461 3342 proximam,

498 3350 644 3449 longe-a
663 3348 813 3436 balneis,
828 3349 983 3440 slabulis,
1005 3350 1128 3440 furno,
1156 3350 1386 3450 sterquiliniis,
1410 3353 1461 3426 ci·

498 3460 638 3550 sternis,
656 3460 771 3557 aquis,
793 3463 832 3535 δι
851 3462 972 3536 ceteris
989 3462 1108 3536 odoris
1132 3463 1317 3537 horrendi:
1340 3464 1384 3536 ita
1405 3463 1461 3533 in·

444 3629 446 3632 ,
498 3567 655 3640 slruslam
677 3566 882 3658 necessariis,
900 3586 940 3642 ut
962 3594 1034 3643 non
1055 3570 1214 3644 vincatur
1233 3590 1253 3643 a
1271 3568 1400 3656 sruslu3
1416 3569 1462 3642 s1c

384 3777 387 3781 Δ
498 3697 609 3751 autem
631 3676 839 3773 dispositam,
854 3696 892 3750 ut
908 3677 1051 3752 basilicae
1066 3681 1166 3777 ipsrus
1184 3679 1297 3755 forma
1311 3681 1463 3755 calcato·

498 3789 586 3860 rium
602 3789 684 3863 loco
700 3790 821 3875 habeat
838 3788 960 3863 altiore
975 3791 1227 3882 construslum,
1242 3794 1283 3865 ad
1296 3792 1390 3887 quod
1407 3790 1463 3861 in·

498 3917 550 3973 tet
574 3900 661 3972 duos
683 3899 797 3986 lacus,
816 3898 875 3995 qui
898 3899 941 3972 ad
962 3901 1159 3994 excipienda
1180 3901 1261 3975 vina
1284 3897 1464 3974 hincinde

498 4006 640 4106 depresli
652 4006 729 4096 snt,
742 4006 899 4104 gradibus
913 4009 1020 4081 tribus
1035 4007 1106 4086 fere
1119 4029 1175 4083 aut
1187 4028 1335 4105 quatuor
1348 4006 1465 4078 ascen·
1489 4093 1493 4099 ι

392 4128 411 4155 '
476 4184 479 4188 ,
497 4116 607 4189 datur.
620 4116 671 4189 Ex
682 4114 734 4187 his
747 4116 885 4190 lacubus
898 4118 1030 4205 canales
1045 4117 1177 4204 slrusli,
1191 4116 1246 4189 vel
1262 4114 1333 4187 tubi
1346 4112 1465 4189 fisliles

500 4225 590 4300 circa
607 4244 777 4299 extremos
800 4228 942 4323 parietes
960 4247 1117 4318 currant,
1141 4231 1179 4304 δι
1199 4225 1350 4320 snbjeslis
1369 4228 1465 4302 lateri

499 4334 559 4437 suo
577 4335 676 4410 doliis
689 4361 750 4436 per
766 4336 903 4423 vicinos
918 4358 1042 4415 meatus
1058 4338 1226 4415 manantia
1241 4339 1324 4418 vina
1339 4338 1465 4413 desun-
