3875 5759
575 942 654 1017 De
685 942 754 1014 ne
788 940 1052 1015 uus-men
1086 939 1188 1012 tit.
1220 942 1248 1014 1.
1300 1011 1303 1018 ,
1345 960 1397 1042 tt

431 1109 528 1199 sunt,
542 1110 642 1183 etiam
659 1109 700 1181 in
722 1133 837 1206 agrurn
856 1125 933 1179 tuto
954 1103 1031 1195 ejici
1052 1100 1189 1199 possunt
1208 1095 1393 1171 comitante

431 1216 565 1292 nutrice
580 1214 865 1313 pascen'di„cujus
877 1212 1022 1310 singulm
1040 1224 1246 1283 revocantur
1264 1205 1305 1276 ad
1323 1202 1392 1277 vil·
1512 1272 1518 1287 k

429 1326 511 1399 lam.
536 1326 671 1398 Pituitas
687 1350 773 1398 vero
786 1328 824 1397 &
844 1323 1026 1397 cruditates
1037 1315 1079 1391 tis
1090 1314 1243 1391 remediis
1257 1314 1393 1386 submo-

430 1434 549 1521 vebis,
564 1434 686 1530 quibus
704 1434 826 1531 gallina
847 1452 995 1507 curatur.
1016 1429 1202 1502 Maximum
1222 1424 1286 1498 illis
1302 1423 1393 1519 peri-

429 1542 545 1616 culum
556 1541 626 1650 psl,
640 1567 717 1616 cum
730 1542 854 1639 incipit
873 1543 971 1617 crista
989 1537 1133 1637 produci
1147 1560 1245 1610 :nam
1259 1533 1391 1630 patiun-

428 1673 485 1728 tur
504 1654 692 1754 languores
702 1653 868 1727 infantum
891 1650 1131 1736 fimilitudine,
1147 1672 1228 1720 sum
1248 1644 1316 1719 illis
1335 1659 1394 1723 tuq·

429 1784 559 1838 mentes
580 1764 733 1862 gingipas
753 1764 913 1837 denticuli
933 1761 1063 1856 aperire
1081 1757 1247 1830 nituntur.

476 1874 610 1947 XXIX.
636 1876 675 1945 ln
697 1864 863 1970 pbafianis
887 1857 1076 1942 nutriendis
1100 1867 1170 1936 hoc
1191 1862 1391 1935 servandum

428 1984 496 2073 est,
515 2001 554 2055 ut
573 1984 763 2059 noeetlird
776 1980 940 2052 creandos
960 1975 1065 2060 foetus
1080 1989 1257 2069 parentur,
1270 1970 1305 2041 id
1320 1969 1392 2057 est,

428 2094 604 2189 qui·'anno
628 2091 801 2189 superiore
827 2086 904 2159 sunt
925 2084 1033 2156 editi:
1053 2099 1183 2176 veteres
1207 2077 1305 2151 enim¹
1321 2075 1392 2149 sne·

432 2203 607 2280 cundieffe
623 2228 694 2280 non
704 2196 850 2297 poliunt.
861 2201 982 2269 lneunt
996 2190 1256 2266 feminasmense
1264 2188 1392 2264 Martio

394 2343 396 2348 ¹
431 2314 622 2412 vel-Aprili.
644 2314 790 2390 Duabus
805 2333 893 2381 unus
911 2304 1074 2379 masenius
1089 2302 1228 2387 sufficit,
1241 2301 1318 2398 quia
1333 2324 1392 2373 ce·
1433 2332 1437 2340 ·

423 2414 515 2496 teras
528 2449 612 2497 aves
625 2421 793 2495 salacitate
807 2443 879 2492 non
894 2423 1014 2511 aet'puat.
1033 2415 1143 2487 Semel
1161 2413 1196 2485 in
1215 2415 1306 2520 ando
1321 2410 1400 2482 sues

357 2554 371 2589 s
427 2547 485 2609 tus
502 2550 627 2603 creant.
647 2530 777 2626 Viginti
794 2527 865 2600 sere
885 2522 1235 2634 ovis-pariendiordo
1250 2521 1394 2595 conclu⁴
1440 2525 1445 2534 '
1499 2587 1502 2592 ,

427 2640 530 2714 ditur.
549 2639 695 2726 Gallina-¹
716 2638 770 2712 his
784 2633 906 2709 melius
924 2632 1156 2719 incumbunt,
1173 2630 1217 2701 ita
1237 2647 1274 2701 ut
1287 2629 1391 2724 quin·
1459 2643 1466 2664 ‘

427 2744 540 2820 decim
557 2747 750 2842 pbafianina
767 2770 835 2816 otta
852 2743 967 2815 nutrix
982 2765 1051 2814 una
1070 2740 1267 2836 cooperiat,
1282 2741 1322 2813 δε
1335 2760 1392 2809 ce·

416 2852 573 2927 tera-sui
597 2850 728 2946 generis
749 2852 990 2944 supponantur.
1018 2840 1054 2922 ln
1077 2849 1325 2946 supponendo,
1348 2844 1392 2917 de

429 2961 515 3031 luna
536 2960 574 3030 δι
594 2957 731 3045 diebus,
745 2982 820 3055 quae
842 2957 915 3030 futu
930 2959 966 3031 in
990 2959 1061 3043 aliis
1084 2959 1189 3048 diua,
1204 2956 1391 3033 serventur.

432 3065 641 3138 Tricesimus
657 3064 728 3137 dies¹
748 3084 897 3142 maturos
920 3070 1032 3165 pullos
1054 3069 1089 3141 in
1112 3070 1225 3142 lumen
1249 3067 1397 3141 emittet.'

427 3172 491 3244 Sed
506 3196 566 3267 per
582 3170 777 3269 quindecim
797 3174 867 3247 dies
890 3174 1041 3249 discoslu
1064 3201 1105 3250 ac
1122 3176 1318 3274 refrigerato
1339 3175 1397 3282 le·¹
1511 3264 1514 3275 Ι

427 3285 517 3359 viter
530 3285 628 3356 ordei
643 3282 731 3355 farre
744 3284 942 3382 pascentur,
956 3288 1013 3358 cui
1024 3286 1111 3359 .vini
1125 3287 1237 3359 imber
1247 3284 1390 3383 aspergi·

396 3396 400 3405 '
426 3413 490 3468 tur.
510 3394 589 3467 Poll
602 3393 752 3468 triticum
766 3395 904 3468 stadium
923 3397 1107 3492 praebebis,
1120 3400 1159 3471 δι
1174 3395 1336 3482 locustas,
1352 3393 1390 3470 8:

426 3515 497 3576 ova
517 3500 682 3576 formica„
702 3505 787 3574 Sane
804 3504 846 3575 ab
865 3528 964 3599 aquae
976 3504 1219 3601 prohibeantur
1235 3502 1363 3579 accessu
1373 3556 1388 3593 ,
1478 3551 1480 3557 ,

426 3633 471 3680 ne
487 3631 548 3730 eps
567 3608 689 3704 pituita
704 3610 898 3683 concludat.
922 3612 1065 3704 Quodsi
1082 3613 1235 3709 pituitam
1256 3613 1390 3709 patiem-¹

424 3737 483 3790 tur
496 3717 668 3814 phasiani,
687 3718 770 3792 allio
784 3744 864 3793 cum
879 3720 953 3813 pice
968 3721 1093 3817 liquida
1113 3722 1196 3795 trito
1208 3723 1312 3795 rostra
1327 3737 1392 3794 eo-1

426 3835 505 3900 rum'
522 3826 658 3901 debebis
680 3828 823 3899 assiduus
842 3826 1024 3923 perfricare
1033 3884 1050 3926 ,Ι
1062 3830 1123 3903 vel
1140 3830 1285 3921 vitium,
1306 3831 1392 3903 ficut
1466 3885 1474 3895 .

426 3937 558 4034 gallinis
577 3936 650 4008 beri
669 3936 868 4026 consuevit,
883 3937 1024 4014 auferre.
1043 3941 1221 4038 saginandi
1240 3943 1313 4013 haec
1335 3963 1391 4015 rae

428 4045 564 4142 tiocli,
586 4063 624 4115 ut
638 4044 738 4114 unius
758 4044 868 4116 modii
889 4045 1021 4119 triticea
1038 4047 1154 4120 'farina
1175 4050 1212 4120 in
1236 4043 1393 4118 breviffi-

428 4176 499 4223 mas
515 4152 640 4224 offulas
665 4151 795 4223 redasl'a
811 4152 926 4231 clauso
951 4153 1112 4249 phasiano
1131 4181 1191 4252 per
1209 4173 1297 4226 xxx
1320 4154 1392 4237 dies

428 4259 624 4345 ministrata,
637 4259 800 4338 sufficiat:
817 4260 891 4349 vel,
906 4260 930 4332 fi
943 4263 1141 4334 ordeaceam
1155 4260 1292 4333 farinam
1307 4288 1392 4358 prae·

429 4370 509 4447 bere
536 4371 711 4466 volueris,
732 4371 833 4444 unius
855 4373 892 4445 dt
915 4371 1051 4447 semissis
1076 4371 1183 4551 mogii
1207 4369 1313 4447 farina
1333 4397 1393 4471 per

1182 4503 1202 4575 3
