3875 5759
615 910 748 979 ARTIS
775 908 992 981 VETERIN.
1019 908 1117 980 SIVE
1141 912 1328 987 MULOM.
1385 942 1457 1011 429

492 1067 569 1145 cilia
592 1094 838 1166 nonnunquam
853 1070 1038 1144 canescere.
1061 1072 1280 1146 Duodecimn
1294 1101 1386 1149 anno
1401 1078 1456 1147 ni·

463 1176 595 1277 ‘gredo
617 1178 653 1249 in
671 1179 848 1252 medietate
872 1180 1023 1251 dentium
1036 1199 1181 1275 apparet.
1206 1182 1359 1279 Plerique
1372 1186 1455 1257 asse·

489 1308 590 1376 runt,
611 1290 807 1364 domitis&
830 1290 928 1361 freno
953 1290 1084 1362 assuetis
1107 1289 1307 1363 animalibus
1332 1318 1453 1390 rugas,

453 1403 455 1406 ’
487 1420 564 1490 quae
582 1398 616 1468 in
630 1398 732 1471 labris
755 1383 831 1472 suist
854 1400 1105 1496 superioribus,
1122 1402 1388 1498 computandas,
1408 1403 1454 1476 ita

488 1520 527 1575 ut
540 1507 583 1577 ab
599 1508 744 1605 angulo,
756 1508 814 1580 ubi
828 1509 947 1607 incipit
957 1512 1100 1598 morsus,
1115 1508 1336 1605 incipientes,
1350 1510 1455 1608 usque

434 1612 436 1614 ’
487 1614 530 1686 ad
548 1636 734 1690 extremum
757 1619 886 1691 labrum
907 1620 1166 1716 perveniamus3
1180 1619 1259 1712 quia
1281 1645 1449 1691 annorum

488 1748 688 1824 numerum,
711 1745 868 1827 rugarum
896 1754 1055 1803 numerus
1078 1727 1235 1798 ostendit.
1258 1730 1452 1802 Prostremo

487 1855 645 1928 rugarum
675 1839 915 1929 multitudine,
941 1838 1069 1911 tristitia
1091 1834 1239 1923 frontis,
1263 1836 1451 1930 dejeslione

487 1943 643 2030 cervicis,
659 1947 792 2042 pigritia
804 1948 909 2018 totius
922 1944 1100 2039 corporis,
1110 1944 1246 2037 slupore
1258 1944 1454 2036 oculorum,

484 2051 788 2149 palpebrarumque
804 2052 940 2125 calvitie
953 2051 1100 2126 seneslus
1125 2051 1192 2144 ipsa
1213 2051 1244 2124 se
1260 2051 1385 2147 prodit.
1429 2101 1432 2107 ·
1468 2056 1472 2073 '

535 2162 592 2230 Vt
617 2163 655 2229 sn
679 2160 907 2255 permutandis
928 2159 1023 2259 equis
1043 2161 1098 2238 uel
1121 2158 1360 2247 distrahendis,
1380 2184 1451 2233 rna·

485 2262 613 2337 ximam
640 2267 791 2340 fraudem
823 2271 937 2365 patriae
963 2270 1049 2344 solet
1083 2270 1201 2342 afferte
1227 2263 1451 2343 mendacium.

485 2376 651 2451 Volentes
671 2379 761 2450 enim
785 2380 893 2453 carius
913 2382 1079 2473 vendere,
1096 2381 1363 2480 generostffimos
1383 2380 1450 2451 sin·

484 2498 579 2580 gunt,
596 2490 686 2581 Quae
701 2513 752 2563 res
767 2516 831 2564 nos
849 2490 1034 2588 compulit,
1049 2493 1107 2588 qui
1128 2516 1188 2586 per
1210 2509 1276 2562 tam
1300 2490 1448 2564 diversas

484 2596 739 2698 &longinquas
755 2603 1043 2698 peregrinationes
1061 2624 1225 2696 equorum
1240 2626 1360 2695 genera
1375 2604 1449 2673 uni·

484 2704 582 2777 versa
601 2708 911 2802 cognoscimus,&
931 2706 966 2775 in
988 2705 1107 2777 nostris
1131 2705 1265 2777 stabulis
1287 2705 1370 2801 saepe
1389 2733 1448 2777 nu·

483 2811 666 2899 trivimus,
695 2812 953 2909 uniuscujusque
980 2812 1128 2886 nationis
1157 2813 1330 2904 explicare
1359 2814 1451 2910 signa
1556 2874 1560 2887 t

484 2922 541 2990 vel
568 2924 697 2996 merita.
723 2927 810 2996 Nam
833 2944 869 2995 ut
901 2923 1028 3006 viliora
1053 2923 1231 2995 ministeria
1256 2946 1448 3014 taceamus,

483 3051 592 3123 equos
603 3030 709 3104 tribus
723 3034 833 3105 usibus
849 3034 905 3105 vel
920 3033 1065 3104 maxime
1076 3069 1079 3074 ·
1089 3033 1288 3106 necessarios
1304 3034 1446 3119 constat,

480 3138 630 3231 proeliis,
640 3141 747 3228 circo,
761 3143 857 3216 sellis.
872 3144 926 3216 Ad
938 3141 1064 3214 bellurn
1077 3141 1330 3216 Hunniscorum
1343 3142 1447 3241 longe

426 3261 428 3266 ’
482 3249 595 3343 primo
615 3251 757 3328 docetur
773 3255 898 3328 utilitas
919 3254 1112 3351 patientia,
1130 3254 1274 3343 laboris,
1288 3253 1445 3351 frigoris,

476 3355 591 3434 ¹famis.
615 3363 791 3461 Toringos
816 3364 936 3435 deinde
966 3367 1003 3436 δι
1031 3363 1287 3458 Burgundiones
1313 3356 1453 3455 iqnjuriae‘

480 3469 810 3547 tolerantestTer'tio
828 3473 909 3544 loco
924 3471 1114 3568 Frigiscos,
1135 3496 1206 3544 non
1222 3470 1332 3542 minus
1346 3471 1444 3542 velo·

481 3576 600 3666 citare,
613 3606 713 3675 quam
734 3577 991 3652 continuatione
1011 3576 1126 3649 cursus
1142 3576 1302 3649 invidos.
1326 3577 1443 3648 Poslea

482 3683 660 3777 Epirotas,
679 3688 886 3774 Samaticos,
900 3711 938 3760 ac
951 3685 1148 3775 Dalmatas,
1163 3686 1239 3759 licet
1265 3704 1442 3758 contuma-

482 3816 538 3867 ces
560 3796 602 3867 ad
626 3796 741 3885 frena,
762 3797 888 3870 habiles
910 3798 1009 3870 armis
1030 3798 1090 3890 [ac
1112 3796 1225 3889 bellis]
1247 3798 1442 3870 asseverant.

482 3906 647 3978 Curribus
669 3907 916 4004 Cappadocum'
938 3906 1085 4005 gloriosa
1110 3906 1293 3978 nobilitas:
1320 3905 1441 3999 Hispa-

481 4038 604 4085 norum
632 4042 689 4109 par
716 4016 770 4090 vel
792 4017 944 4111 proxima
971 4015 1005 4085 in
1030 4014 1124 4087 circo
1149 4011 1296 4086 creditur
1319 4013 1439 4106 palma.

483 4123 557 4192 Nec
575 4123 751 4196 inferiores
770 4149 877 4219 prope
893 4123 1006 4195 Sicilia
1028 4121 1166 4194 exbibet
1185 4120 1302 4205 circo,
1322 4143 1439 4212 quam·

482 4229 536 4300 vis
561 4232 669 4303 Asiica
691 4234 828 4328 Hispani
844 4231 1009 4331 sanguinis
1028 4229 1260 4303 velocissimos
1284 4229 1437 4321 praestate

483 4341 707 4416 consueverit.
723 4345 774 4417 nd
787 4342 880 4415 usum
904 4343 991 4418 sellae
1004 4332 1106 4415 Petsrs
1117 4335 1308 4437 provinciis
1321 4334 1435 4408 omni·
