3875 5759
560 876 1460 974 m4enttnottuurttu.

563 1056 619 1113 tur
633 1065 675 1111 ex
689 1039 779 1127 alba;
793 1063 830 1111 ea
843 1038 978 1112 ratione
991 1038 1135 1127 scilicet,
1149 1060 1187 1113 ut
1204 1040 1371 1114 combusti
1384 1040 1532 1112 {armen-²

563 1150 591 1222 ti
611 1150 731 1223 cineris
748 1149 854 1222 modii
878 1152 978 1226 unius
998 1152 1151 1227 mensura
1175 1153 1328 1225 mittatur
1350 1152 1386 1224 in
1408 1152 1531 1236 dolio,

563 1259 660 1356 quod
681 1256 817 1328 habebit
834 1261 1014 1356 amphoras
1037 1281 1086 1345 tt,
1111 1264 1149 1335 δι
1171 1249 1286 1334 triduo
1309 1263 1354 1335 fic
1376 1260 1530 1333 retiolum

563 1369 640 1466 posl
660 1366 832 1461 operiatur
852 1395 893 1442 ac
914 1370 1043 1444 lutetur
1055 1399 1064 1444 ε
1077 1372 1207 1461 album,
1226 1372 1283 1444 vel
1299 1371 1348 1468 (fi
1363 1372 1409 1445 ita
1420 1370 1531 1444 visum

551 1474 687 1573 suerit)
701 1475 834 1574 nigrum
851 1478 990 1573 reperiri
1011 1480 1232 1579 quadraginta
1252 1480 1373 1553 diebus
1395 1477 1531 1552 exustis.

564 1587 695 1660 Vinum
708 1611 849 1685 quoque
864 1589 1010 1662 asserunt
1022 1615 1065 1661 ex
1082 1588 1179 1661 molli
1195 1588 1284 1660 sorte
1301 1588 1345 1662 fic
1362 1586 1454 1661 fieri:
1467 1585 1532 1659 Al·

562 1698 671 1786 rheae,
697 1698 767 1772 hoc
789 1698 857 1788 est,
881 1697 996 1784 ibisci,
1019 1698 1102 1772 folia
1127 1698 1183 1771 vel
1208 1698 1357 1787 radices,
1380 1710 1437 1768 aut
1459 1693 1532 1789 ejus

563 1808 695 1883 saulem
717 1826 871 1884 tenerum
895 1810 1070 1912 decoclum
1090 1808 1198 1893 mitti,
1214 1826 1270 1881 aut
1284 1805 1452 1905 gypsum,
1473 1821 1532 1876 aut

545 1921 683 2020 *ciceris
709 1923 841 1996 cotulas
864 1923 1039 2013 duas,aut
1061 1920 1203 2019 cupreffi
1230 1919 1349 2017 pilulas
1368 1936 1457 2006 tres,
1475 1937 1534 1988 aut

564 2031 649 2106 buxi
664 2032 765 2121 folia,
776 2051 940 2131 quantum
957 2057 1075 2108 manus
1090 2032 1215 2129 ceperit
1227 2084 1238 2118 ,
1251 2047 1308 2103 aut
1320 2028 1387 2125 apii
1402 2028 1533 2113 semen,

409 2145 411 2150 ’
446 2158 448 2162 ’
563 2160 623 2214 aut
643 2139 792 2213 cinerem
808 2139 1145 2227 sarmentorum,cui
1165 2140 1220 2212 vis
1241 2138 1384 2212 flammae
1405 2158 1534 2229 corpus

564 2248 703 2344 reliquit
716 2248 824 2334 exile,
840 2248 935 2321 omni
950 2248 1118 2321 soliditate
1134 2251 1290 2325 detracta.
1302 2250 1429 2321 Vinum
1446 2269 1532 2320 vero

564 2357 679 2428 eadem
706 2355 761 2429 die
787 2382 830 2429 ex
855 2356 989 2429 austero
1017 2355 1195 2453 limpidum
1231 2379 1333 2456 atque
1362 2357 1532 2452 optimum

563 2462 659 2557 fieri,
674 2465 699 2539 sr
713 2490 815 2564 grana
829 2464 953 2563 piperis
972 2464 1109 2553 decem,
1127 2465 1263 2560 pistacia
1278 2464 1421 2561 viginti,
1442 2461 1498 2558 adj
1517 2501 1533 2516 -

564 2577 623 2650 do
649 2576 790 2650 modico
812 2575 921 2663 vino,
945 2572 1044 2646 simul
1062 2590 1241 2662 conteras,
1261 2575 1300 2647 δι
1317 2573 1352 2644 in
1375 2570 1433 2643 sex
1456 2571 1534 2644 vini

563 2687 730 2763 sextarios
743 2688 875 2779 mittas,
887 2687 947 2759 diu
963 2684 1123 2758 omnibus
1142 2704 1218 2758 ante
1232 2683 1434 2771 commotis,
1449 2699 1533 2755 tunc

564 2796 774 2896 requiescere
802 2793 959 2895 patiaris,
981 2794 1020 2868 δι
1046 2792 1139 2868 coles
1162 2791 1235 2865 usui
1263 2819 1345 2866 mox
1369 2790 1533 2862 futurum.

563 2910 650 2981 Item
670 2905 888 2981 faeculentum
900 2906 1010 2978 statim
1031 2905 1210 3003 limpidum
1224 2905 1337 2993 reddi,
1351 2902 1373 2975 fi
1388 2924 1446 2977 vu
1460 2900 1532 2998 pini

565 3019 709 3090 nucleos
735 3018 771 3084 in
802 3042 907 3087 unum
933 3016 1217 3088 vini-sextarium
1247 3020 1383 3105 mittas,
1408 3017 1532 3112 diuque

563 3145 808 3207 commoveas,
822 3124 861 3193 δι
876 3119 1048 3213 paululum
1072 3123 1193 3193 cessare
1212 3126 1366 3217 patiaris:
1382 3150 1464 3195 mox
1479 3122 1534 3195 su·

563 3255 659 3306 mere
677 3226 878 3327 puritatem,
892 3226 1065 3322 colorique
1083 3230 1223 3318 debere,
1240 3234 1278 3305 &
1301 3232 1337 3301 in
1359 3231 1454 3313 usum
1476 3258 1533 3304 re·

563 3340 659 3416 ferri.
668 3343 751 3413 ltem
764 3335 1100 3437 (quodCretenfibus
1110 3340 1286 3413 oraculum
1299 3340 1414 3438 Pythii
1425 3344 1533 3436 Apol·
1605 3419 1607 3423 μ

562 3451 645 3527 linis
663 3448 857 3525 monstrasse
877 3448 1109 3548 memoratur)
1123 3448 1194 3524 fieri
1215 3451 1260 3525 lic
1279 3452 1533 3540 candidum,'&

562 3562 695 3637 sumere
719 3557 891 3633 vetustatis
910 3557 1128 3654 saporem-st
1146 3557 1390 3657 squinuanthos
1414 3563 1532 3635 uncias

482 3689 485 3694 ’
562 3694 739 3773 quatuor,
765 3669 858 3743 aloes
889 3668 1029 3765 epatica:
1057 3670 1174 3743 uncias
1205 3667 1380 3770 quatuor,
1403 3672 1532 3744 mastici

563 3779 689 3879 optimi
705 3778 840 3854 unciam
857 3804 959 3853 unam
972 3831 982 3867 ,
997 3778 1234 3854 caffiaesistulae
1251 3783 1384 3854 unciam
1405 3807 1531 3871 unam,

563 3891 690 4002 piperis
713 3881 852 3965 unciam
882 3914 1006 3980 unam,
1032 3889 1128 3987 spicae
1156 3889 1279 3964 ludica
1304 3891 1534 3990 semunciam,

564 4000 717 4101 myrrhae
741 3998 881 4101 optimae
898 3998 1032 4071 unciam
1049 4025 1150 4073 unam
1162 4053 1175 4091 ‚
1187 4000 1295 4074 thuris
1308 3998 1446 4071 masculi
1459 4024 1531 4073 non

564 4109 695 4186 rancidi
716 4107 851 4184 unciam
872 4134 998 4187 uuam:
1019 4109 1133 4182 tundis
1161 4107 1340 4195 universa,
1360 4106 1452 4181 &in
1475 4126 1528 4181 te·

565 4219 754 4292 nuiffimum
768 4217 943 4313 pulverem
955 4216 1070 4291 cribr'o
1079 4217 1268 4292 excutiente
1281 4216 1429 4308 deducis.
1438 4219 1527 4289 Cum

565 4352 653 4405 vero
668 4329 810 4406 mullum
825 4326 1005 4419 ferbuerit,
1019 4327 1249 4427 despumabis‚
1261 4330 1299 4402 δι
1313 4328 1429 4402 omnia
1442 4352 1525 4404 uva·
