3875 5759
542 839 618 919 ¹402
719 755 1235 946 vlacaairira.
1284 831 1354 903 111.

543 1006 630 1061 rutae
648 984 806 1086 silvaticae
819 1010 896 1064 curn
911 984 1004 1059 vino·
1020 1010 1080 1083 per
1093 1009 1133 1060 os
1149 986 1252 1061 dabis.
1270 989 1433 1063 Praeterea
1456 1011 1514 1064 ce·

542 1124 603 1196 pas
624 1099 739 1171 decern
759 1116 913 1186 veteres,
929 1095 1017 1171 sicus
1036 1098 1129 1171 siccae
1149 1097 1320 1194 scrupulos
1335 1102 1436 1190 osio,
1455 1103 1514 1175 ni·

542 1211 589 1285 tri
617 1210 791 1305 scrupulos
816 1208 993 1306 quinque,
1020 1207 1175 1282 slercoris
1200 1209 1388 1283 columbini
1413 1210 1513 1283 scru-

542 1319 647 1417 pulos
676 1336 846 1416 quatuor,
871 1343 914 1390 err
938 1316 1084 1413 quibus,
1105 1318 1217 1391 addita
1247 1320 1369 1408 urina,
1392 1320 1512 1419 colly-
1613 1397 1615 1424 4

540 1428 592 1501 ria
620 1426 742 1512 facies,
763 1428 802 1500 δι
823 1426 903 1500 bina
931 1426 988 1499 vel
1019 1445 1111 1500 terna
1134 1428 1176 1519 jn
1203 1454 1307 1530 anum
1335 1430 1511 1503 immittes.
1613 1465 1615 1480 1

538 1538 576 1610 Si
589 1560 672 1610 vero
687 1534 810 1608 fortius
834 1554 956 1609 venter
969 1535 1144 1626 induruit,
1159 1540 1326 1610 convenit
1347 1538 1508 1611 adhibere

537 1646 760 1747 clyllerium‚
778 1645 833 1719 sed
854 1646 946 1743 prius
967 1648 1119 1719 ventrem
1142 1672 1229 1744 aqua
1254 1648 1361 1720 calida
1384 1646 1507 1741 perso-

537 1756 648 1830 vebis.
669 1755 771 1829 Tunc
792 1755 928 1829 succum
947 1754 1187 1829 Cantabricum
1204 1808 1215 1844 ‚
1231 1754 1265 1826 in
1280 1780 1349 1853 quo
1371 1754 1507 1827 suerint

533 1866 623 1941 b'etae
654 1865 843 1961 malvaeque
870 1863 1045 1953 decoiiae,
1071 1890 1147 1939 cum
1171 1865 1261 1937 nitro
1289 1866 1327 1937 δι
1361 1864 1506 1937 hemina
1608 1877 1611 1884 '

534 1975 626 2064 olei,
641 1970 879 2049 &columbini
893 1970 1048 2047 stercoris
1062 1993 1207 2071 quatuor
1220 1970 1399 2067 scrupulis,
1413 1996 1506 2068 pro·

535 2110 618 2157 num
637 2081 842 2168 constitues,
857 2084 894 2154 δι
916 2106 976 2176 per
989 2108 1089 2155 anum
1111 2080 1240 2175 injicies
1254 2080 1428 2175 jumento,
1450 2078 1505 2154 ita

533 2183 573 2271 ut
595 2194 670 2290 post
691 2191 868 2288 clysterem
892 2191 1077 2267 inambulet
1097 2193 1354 2291 aliquantulum.
1371 2192 1441 2265 Alii
1459 2192 1505 2265 fi·

532 2327 626 2380 mum
645 2298 771 2393 leporis
795 2322 872 2371 cum
895 2323 1024 2371 novem
1046 2303 1278 2375 cochlearibus
1298 2300 1430 2390 mellis,
1452 2303 1495 2376 &

533 2408 730 2512 quindecim
740 2406 851 2504 granis
864 2406 1001 2504 piperis,
1017 2409 1134 2482 addito
1150 2409 1296 2483 carrlium
1308 2409 1423 2503 succ0,
1439 2437 1503 2509 per

534 2548 578 2598 os
595 2518 768 2593 salubriter
788 2514 991 2589 defundunt.
1152 2593 1156 2610 ί

583 2631 699 2703 LVlll.
721 2626 850 2701 Jecoris
869 2625 971 2697 dolor
990 2624 1073 2716 solet
1086 2622 1238 2698 infestare
1254 2623 1415 2719 jumenta.
1439 2652 1500 2702 cu·

531 2740 667 2842 jusisla
695 2737 989 2835 deprehenduntur
1014 2735 1165 2810 indicia:
1188 2736 1266 2809 Cibi
1294 2736 1500 2828 fastidium,

533 2871 639 2949 potus
650 2846 862 2944 appetentia,
883 2843 1013 2916 ventris
1032 2844 1185 2934 inflatio,
1197 2845 1330 2919 macies.
1346 2846 1412 2918 Cui
1428 2847 1500 2943 pri·

406 3011 412 3027 ,
532 2983 595 3035 mo
624 2955 785 3032 cremoris
807 2947 959 3048 ptisanae'
969 2954 1146 3026 sextarium
1167 2981 1297 3043 unum,
1321 2980 1400 3028 cum
1428 2957 1501 3030 olei

532 3064 661 3143 rosacei
682 3063 789 3133 tribus
808 3061 940 3157 cyathis
955 3086 1015 3155 per
1034 3087 1074 3134 os
1095 3063 1237 3160 degeres.
1253 3065 1285 3135 Si
1300 3063 1404 3160 passio
1417 3090 1502 3159 per·

531 3170 744 3259 manet,alia
765 3169 907 3263 potione
922 3170 1103 3244 curabitur.
1125 3174 1204 3267 Apii
1226 3174 1356 3247 seminis
1377 3175 1500 3250 uncias

532 3304 620 3367 tres,
635 3276 773 3376 hyssopi
793 3276 911 3354 uncias
929 3294 1020 3363 tres,
1043 3278 1198 3351 abrotani
1212 3281 1342 3354 unciam
1360 3305 1495 3374 unam,
1515 3295 1519 3301 ’

531 3389 604 3466 allii
626 3388 766 3475 viridis,
786 3404 946 3483 quantum
962 3385 1109 3479 sufficit,
1134 3387 1191 3461 vel
1212 3389 1289 3464 sicci
1308 3388 1406 3485 paulo
1426 3391 1495 3462 mi·

478 3512 487 3523 ‘
530 3524 621 3586 nus,
636 3497 668 3581 ‚fi
688 3495 830 3571 viridem
849 3497 991 3593 abnegat
1013 3513 1167 3593 tempus,
1188 3523 1230 3571 ex
1249 3500 1333 3571 vino
1353 3497 1495 3593 optimo

530 3611 577 3686 ad
595 3606 708 3680 tertias
730 3594 983 3700 decoquentur
1000 3604 1133 3702 aliquot
1155 3606 1223 3677 dies
1240 3607 1417 3701 potionem
1432 3609 1496 3682 da·

531 3719 597 3793 bis.
615 3712 737 3787 Similis
757 3736 897 3809 quoque
921 3711 1020 3805 hujus
1039 3712 1197 3807 passionis
1215 3715 1262 3787 est
1288 3716 1385 3788 ratio.
1410 3717 1495 3791 Sine

528 3827 624 3900 febre
639 3822 728 3896 enim
751 3820 873 3893 animal
897 3822 1065 3922 nouerit,
1081 3847 1143 3895 nec
1157 3823 1254 3896 facile
1268 3826 1382 3898 cibum
1405 3851 1496 3899 con-

529 3935 623 4010 ficiet
638 3988 650 4021 ,
668 3930 1118 4005 reticutusdexterrumebit
1138 3934 1175 4006 δι
1197 3933 1400 4009 indurescet.
1422 3938 1494 4013 Cui

528 4045 591 4138 isia
617 4042 772 4116 subvenit
796 4041 987 4115 medicina:
1012 4040 1211 4137 Foenigraeci
1236 4042 1379 4138 cyathos
1404 4069 1494 4141 qua.

528 4169 611 4225 tuor
631 4149 734 4223 mittis
756 4149 791 4221 in
805 4174 899 4243 aqua
914 4148 1062 4220 fontana
1080 4148 1240 4221 sextarios
1257 4166 1412 4243 quatuor
1439 4153 1457 4251 [
1468 4156 1493 4233 i.

527 4286 631 4357 grana
644 4261 797 4362 triginta]
818 4264 854 4338 &
871 4260 1040 4359 decoques
1058 4260 1099 4332 ad
1113 4260 1242 4335 tertiam
1263 4280 1406 4359 partem.
1426 4267 1490 4343 he·

887 4567 902 4628 s
