<?xml version="1.0" encoding="UTF-8"?>
<!DOCTYPE html PUBLIC "-//W3C//DTD XHTML 1.0 Transitional//EN"
    "http://www.w3.org/TR/xhtml1/DTD/xhtml1-transitional.dtd">
<html xmlns="http://www.w3.org/1999/xhtml" xml:lang="en" lang="en">
 <head>
  <title>
</title>
<meta http-equiv="Content-Type" content="text/html;charset=utf-8" />
  <meta name='ocr-system' content='tesseract 3.04.00' />
  <meta name='ocr-capabilities' content='ocr_page ocr_carea ocr_par ocr_line ocrx_word'/>
</head>
<body>
  <div class='ocr_page' id='page_1' title='image "./scriptoresreiru00gesngoog_0444.png"; bbox 0 0 3875 5759; ppageno 0'>
   <div class='ocr_carea' id='block_1_1' title="bbox 508 900 1308 997">
    <p class='ocr_par' dir='ltr' id='par_1_1' title="bbox 508 900 1308 997">
     <span class='ocr_line' id='line_1_1' title="bbox 508 900 1308 997; baseline -0.004 -22"><span class='ocrx_word' id='word_1_1' title='bbox 508 929 581 997; x_wconf 83' lang='lat'>44²</span> <span class='ocrx_word' id='word_1_2' title='bbox 679 900 1018 976; x_wconf 83' lang='lat' dir='ltr'>VEGETll</span> <span class='ocrx_word' id='word_1_3' title='bbox 1066 902 1195 973; x_wconf 88' lang='lat' dir='ltr'>LlB.</span> <span class='ocrx_word' id='word_1_4' title='bbox 1246 902 1308 972; x_wconf 87' lang='lat' dir='ltr'>lV.</span> 
     </span>
    </p>
   </div>
   <div class='ocr_carea' id='block_1_2' title="bbox 506 1060 1482 1470">
    <p class='ocr_par' dir='ltr' id='par_1_2' title="bbox 506 1060 1482 1384">
     <span class='ocr_line' id='line_1_2' title="bbox 507 1060 1482 1162; baseline -0.004 -24"><span class='ocrx_word' id='word_1_5' title='bbox 507 1065 608 1138; x_wconf 77' lang='lat' dir='ltr'>dullae</span> <span class='ocrx_word' id='word_1_6' title='bbox 622 1064 768 1139; x_wconf 75' lang='lat' dir='ltr'>ceruina</span> <span class='ocrx_word' id='word_1_7' title='bbox 782 1064 899 1138; x_wconf 88' lang='lat' dir='ltr'>libram</span> <span class='ocrx_word' id='word_1_8' title='bbox 912 1113 923 1151; x_wconf 91' lang='lat'>,</span> <span class='ocrx_word' id='word_1_9' title='bbox 936 1063 1005 1136; x_wconf 89' lang='lat' dir='ltr'>olei</span> <span class='ocrx_word' id='word_1_10' title='bbox 1016 1060 1162 1162; x_wconf 89' lang='lat' dir='ltr'>Cyprini</span> <span class='ocrx_word' id='word_1_11' title='bbox 1173 1116 1184 1148; x_wconf 90' lang='lat'>,</span> <span class='ocrx_word' id='word_1_12' title='bbox 1196 1060 1371 1159; x_wconf 85' lang='lat' dir='ltr'>aeruginis,</span> <span class='ocrx_word' id='word_1_13' title='bbox 1388 1061 1482 1160; x_wconf 90' lang='lat' dir='ltr'>bys·</span> 
     </span>
     <span class='ocr_line' id='line_1_3' title="bbox 506 1170 1480 1272; baseline -0.003 -24"><span class='ocrx_word' id='word_1_14' title='bbox 506 1176 602 1272; x_wconf 93' lang='lat' dir='ltr'>sopi,</span> <span class='ocrx_word' id='word_1_15' title='bbox 617 1174 770 1272; x_wconf 74' lang='lat' dir='ltr'>axungia</span> <span class='ocrx_word' id='word_1_16' title='bbox 797 1173 920 1246; x_wconf 89' lang='lat' dir='ltr'>veteris</span> <span class='ocrx_word' id='word_1_17' title='bbox 943 1174 1044 1248; x_wconf 85' lang='lat' dir='ltr'>libras</span> <span class='ocrx_word' id='word_1_18' title='bbox 1070 1172 1235 1270; x_wconf 75' lang='lat' dir='ltr'>singulas:</span> <span class='ocrx_word' id='word_1_19' title='bbox 1256 1170 1330 1245; x_wconf 86' lang='lat' dir='ltr'>hacc</span> <span class='ocrx_word' id='word_1_20' title='bbox 1351 1171 1480 1245; x_wconf 89' lang='lat' dir='ltr'>omnia</span> 
     </span>
     <span class='ocr_line' id='line_1_4' title="bbox 506 1282 1248 1384; baseline -0.008 -22"><span class='ocrx_word' id='word_1_21' title='bbox 506 1286 633 1384; x_wconf 87' lang='lat' dir='ltr'>pariter</span> <span class='ocrx_word' id='word_1_22' title='bbox 651 1288 693 1359; x_wconf 85' lang='lat' dir='ltr'>ad</span> <span class='ocrx_word' id='word_1_23' title='bbox 712 1284 876 1360; x_wconf 87' lang='lat' dir='ltr'>carbones</span> <span class='ocrx_word' id='word_1_24' title='bbox 896 1284 1060 1383; x_wconf 81' lang='lat' dir='ltr'>decoquis</span> <span class='ocrx_word' id='word_1_25' title='bbox 1079 1285 1117 1358; x_wconf 89' lang='lat'>&amp;</span> <span class='ocrx_word' id='word_1_26' title='bbox 1135 1282 1248 1357; x_wconf 88' lang='lat' dir='ltr'>uteris.</span> 
     </span>
    </p>

    <p class='ocr_par' dir='ltr' id='par_1_3' title="bbox 566 1392 1477 1470">
     <span class='ocr_line' id='line_1_5' title="bbox 566 1392 1477 1470; baseline -0.001 0"><span class='ocrx_word' id='word_1_27' title='bbox 566 1397 662 1470; x_wconf 84' lang='lat' dir='ltr'>XlX.</span> <span class='ocrx_word' id='word_1_28' title='bbox 696 1393 948 1468; x_wconf 85' lang='lat' dir='ltr'>Traumaticum</span> <span class='ocrx_word' id='word_1_29' title='bbox 983 1394 1264 1469; x_wconf 80' lang='lat' dir='ltr'>medicamentum</span> <span class='ocrx_word' id='word_1_30' title='bbox 1296 1392 1477 1469; x_wconf 88' lang='lat' dir='ltr'>curationi</span> 
     </span>
    </p>
   </div>
   <div class='ocr_carea' id='block_1_3' title="bbox 506 1501 1604 1598">
    <p class='ocr_par' dir='ltr' id='par_1_4' title="bbox 506 1501 1604 1598">
     <span class='ocr_line' id='line_1_6' title="bbox 506 1501 1604 1598; baseline -0.005 -17"><span class='ocrx_word' id='word_1_31' title='bbox 506 1507 684 1581; x_wconf 82' lang='lat' dir='ltr'>vulnerum</span> <span class='ocrx_word' id='word_1_32' title='bbox 702 1504 801 1576; x_wconf 86' lang='lat' dir='ltr'>valde</span> <span class='ocrx_word' id='word_1_33' title='bbox 814 1502 990 1576; x_wconf 89' lang='lat' dir='ltr'>convenit.</span> <span class='ocrx_word' id='word_1_34' title='bbox 1011 1529 1087 1575; x_wconf 87' lang='lat' dir='ltr'>nam</span> <span class='ocrx_word' id='word_1_35' title='bbox 1106 1501 1255 1576; x_wconf 83' lang='lat' dir='ltr'>absumta</span> <span class='ocrx_word' id='word_1_36' title='bbox 1268 1503 1475 1598; x_wconf 83' lang='lat' dir='ltr'>putredine,</span> <span class='ocrx_word' id='word_1_37' title='bbox 1600 1515 1604 1524; x_wconf 88' lang='lat'>&#39;</span> 
     </span>
    </p>
   </div>
   <div class='ocr_carea' id='block_1_4' title="bbox 465 1610 1475 2035">
    <p class='ocr_par' dir='ltr' id='par_1_5' title="bbox 465 1610 1475 2035">
     <span class='ocr_line' id='line_1_7' title="bbox 465 1610 1475 1706; baseline 0.008 -25"><span class='ocrx_word' id='word_1_38' title='bbox 465 1638 481 1681; x_wconf 83' lang='lat'>.·</span> <span class='ocrx_word' id='word_1_39' title='bbox 505 1612 622 1685; x_wconf 83' lang='lat' dir='ltr'>vivam</span> <span class='ocrx_word' id='word_1_40' title='bbox 642 1635 776 1682; x_wconf 86' lang='lat' dir='ltr'>carnem</span> <span class='ocrx_word' id='word_1_41' title='bbox 798 1610 1021 1683; x_wconf 64' lang='lat' dir='ltr'>insanitatem</span> <span class='ocrx_word' id='word_1_42' title='bbox 1042 1611 1185 1685; x_wconf 76' lang='lat' dir='ltr'><strong>reducit.</strong></span> <span class='ocrx_word' id='word_1_43' title='bbox 1207 1611 1315 1706; x_wconf 88' lang='lat' dir='ltr'>Hujus</span> <span class='ocrx_word' id='word_1_44' title='bbox 1330 1612 1379 1687; x_wconf 79' lang='lat' dir='ltr'>est</span> <span class='ocrx_word' id='word_1_45' title='bbox 1397 1613 1475 1689; x_wconf 89' lang='lat' dir='ltr'>talis</span> 
     </span>
     <span class='ocr_line' id='line_1_8' title="bbox 504 1716 1475 1819; baseline 0 -24"><span class='ocrx_word' id='word_1_46' title='bbox 504 1719 734 1816; x_wconf 76' lang='lat' dir='ltr'>compositio:</span> <span class='ocrx_word' id='word_1_47' title='bbox 753 1716 844 1819; x_wconf 87' lang='lat' dir='ltr'>Misy</span> <span class='ocrx_word' id='word_1_48' title='bbox 864 1718 1005 1810; x_wconf 86' lang='lat' dir='ltr'>libram,</span> <span class='ocrx_word' id='word_1_49' title='bbox 1026 1721 1177 1795; x_wconf 84' lang='lat' dir='ltr'>chalcitis</span> <span class='ocrx_word' id='word_1_50' title='bbox 1196 1722 1347 1817; x_wconf 88' lang='lat' dir='ltr'>pondera</span> <span class='ocrx_word' id='word_1_51' title='bbox 1372 1722 1475 1815; x_wconf 88' lang='lat' dir='ltr'>duo,</span> 
     </span>
     <span class='ocr_line' id='line_1_9' title="bbox 504 1827 1472 1927; baseline 0.001 -25"><span class='ocrx_word' id='word_1_52' title='bbox 504 1828 662 1927; x_wconf 70' lang='lat' dir='ltr'>eruginis</span> <span class='ocrx_word' id='word_1_53' title='bbox 680 1828 821 1917; x_wconf 86' lang='lat' dir='ltr'>libram,</span> <span class='ocrx_word' id='word_1_54' title='bbox 834 1828 958 1924; x_wconf 85' lang='lat' dir='ltr'>pariter</span> <span class='ocrx_word' id='word_1_55' title='bbox 977 1827 1103 1903; x_wconf 90' lang='lat' dir='ltr'>colabis</span> <span class='ocrx_word' id='word_1_56' title='bbox 1115 1884 1128 1918; x_wconf 92' lang='lat'>,</span> <span class='ocrx_word' id='word_1_57' title='bbox 1142 1833 1180 1905; x_wconf 73' lang='grc' dir='ltr'>δε</span> <span class='ocrx_word' id='word_1_58' title='bbox 1205 1829 1302 1924; x_wconf 85' lang='lat' dir='ltr'>supra</span> <span class='ocrx_word' id='word_1_59' title='bbox 1321 1830 1472 1927; x_wconf 89' lang='lat' dir='ltr'>tegulam</span> 
     </span>
     <span class='ocr_line' id='line_1_10' title="bbox 503 1925 1473 2035; baseline 0.005 -27"><span class='ocrx_word' id='word_1_60' title='bbox 503 1937 539 2009; x_wconf 92' lang='lat' dir='ltr'>in</span> <span class='ocrx_word' id='word_1_61' title='bbox 564 1937 676 2035; x_wconf 86' lang='lat' dir='ltr'>ignem</span> <span class='ocrx_word' id='word_1_62' title='bbox 694 1925 828 2033; x_wconf 86' lang='lat' dir='ltr'>pones,</span> <span class='ocrx_word' id='word_1_63' title='bbox 846 1939 886 2011; x_wconf 88' lang='lat'>·&amp;</span> <span class='ocrx_word' id='word_1_64' title='bbox 903 1962 1054 2032; x_wconf 86' lang='lat' dir='ltr'>coques,</span> <span class='ocrx_word' id='word_1_65' title='bbox 1080 1955 1118 2009; x_wconf 90' lang='lat' dir='ltr'>ut</span> <span class='ocrx_word' id='word_1_66' title='bbox 1136 1938 1275 2009; x_wconf 88' lang='lat' dir='ltr'>rubeum</span> <span class='ocrx_word' id='word_1_67' title='bbox 1297 1934 1367 2010; x_wconf 83' lang='lat' dir='ltr'>siat.</span> <span class='ocrx_word' id='word_1_68' title='bbox 1390 1938 1473 2013; x_wconf 89' lang='lat' dir='ltr'>Post</span> 
     </span>
    </p>
   </div>
   <div class='ocr_carea' id='block_1_5' title="bbox 356 2043 1473 2144">
    <p class='ocr_par' dir='ltr' id='par_1_6' title="bbox 356 2043 1473 2144">
     <span class='ocr_line' id='line_1_11' title="bbox 356 2043 1473 2144; baseline 0.009 -34"><span class='ocrx_word' id='word_1_69' title='bbox 356 2105 359 2110; x_wconf 90' lang='lat'>.</span> <span class='ocrx_word' id='word_1_70' title='bbox 483 2044 539 2117; x_wconf 85' lang='lat' dir='ltr'>&#39;in</span> <span class='ocrx_word' id='word_1_71' title='bbox 558 2044 725 2126; x_wconf 87' lang='lat' dir='ltr'>mortario</span> <span class='ocrx_word' id='word_1_72' title='bbox 745 2064 852 2136; x_wconf 88' lang='lat' dir='ltr'>teres,</span> <span class='ocrx_word' id='word_1_73' title='bbox 871 2046 909 2118; x_wconf 77' lang='grc' dir='ltr'>δι</span> <span class='ocrx_word' id='word_1_74' title='bbox 927 2047 968 2118; x_wconf 93' lang='lat' dir='ltr'>ad</span> <span class='ocrx_word' id='word_1_75' title='bbox 983 2043 1230 2118; x_wconf 83' lang='lat' dir='ltr'>fimilitudinem</span> <span class='ocrx_word' id='word_1_76' title='bbox 1252 2044 1371 2119; x_wconf 82' lang='lat' dir='ltr'>farinae</span> <span class='ocrx_word' id='word_1_77' title='bbox 1392 2048 1473 2144; x_wconf 88' lang='lat' dir='ltr'>pul·</span> 
     </span>
    </p>
   </div>
   <div class='ocr_carea' id='block_1_6' title="bbox 438 2151 1473 2917">
    <p class='ocr_par' dir='ltr' id='par_1_7' title="bbox 438 2151 1473 2917">
     <span class='ocr_line' id='line_1_12' title="bbox 504 2151 1471 2228; baseline 0.003 -3"><span class='ocrx_word' id='word_1_78' title='bbox 504 2178 620 2226; x_wconf 80' lang='lat' dir='ltr'>vetem</span> <span class='ocrx_word' id='word_1_79' title='bbox 645 2151 757 2227; x_wconf 88' lang='lat' dir='ltr'>facies</span> <span class='ocrx_word' id='word_1_80' title='bbox 775 2153 911 2226; x_wconf 91' lang='lat' dir='ltr'>Deinde</span> <span class='ocrx_word' id='word_1_81' title='bbox 927 2154 1015 2227; x_wconf 88' lang='lat' dir='ltr'>duos</span> <span class='ocrx_word' id='word_1_82' title='bbox 1030 2152 1191 2228; x_wconf 84' lang='lat' dir='ltr'>sextarios</span> <span class='ocrx_word' id='word_1_83' title='bbox 1213 2153 1321 2227; x_wconf 88' lang='lat' dir='ltr'>mellis</span> <span class='ocrx_word' id='word_1_84' title='bbox 1343 2155 1382 2227; x_wconf 90' lang='lat' dir='ltr'>in</span> <span class='ocrx_word' id='word_1_85' title='bbox 1399 2155 1471 2228; x_wconf 90' lang='lat' dir='ltr'>olla</span> 
     </span>
     <span class='ocr_line' id='line_1_13' title="bbox 503 2257 1473 2360; baseline 0.005 -27"><span class='ocrx_word' id='word_1_86' title='bbox 503 2257 597 2336; x_wconf 84' lang='lat' dir='ltr'>nova</span> <span class='ocrx_word' id='word_1_87' title='bbox 616 2262 737 2357; x_wconf 89' lang='lat' dir='ltr'>coquis</span> <span class='ocrx_word' id='word_1_88' title='bbox 754 2287 831 2335; x_wconf 91' lang='lat' dir='ltr'>cum</span> <span class='ocrx_word' id='word_1_89' title='bbox 852 2261 961 2350; x_wconf 89' lang='lat' dir='ltr'>vino,</span> <span class='ocrx_word' id='word_1_90' title='bbox 982 2264 1020 2337; x_wconf 79' lang='grc' dir='ltr'>δι</span> <span class='ocrx_word' id='word_1_91' title='bbox 1039 2288 1115 2337; x_wconf 94' lang='lat' dir='ltr'>cum</span> <span class='ocrx_word' id='word_1_92' title='bbox 1138 2262 1271 2337; x_wconf 86' lang='lat' dir='ltr'>fervere</span> <span class='ocrx_word' id='word_1_93' title='bbox 1295 2264 1473 2360; x_wconf 78' lang='lat' dir='ltr'>coeperit,</span> 
     </span>
     <span class='ocr_line' id='line_1_14' title="bbox 438 2370 1471 2470; baseline 0.004 -26"><span class='ocrx_word' id='word_1_94' title='bbox 438 2415 441 2420; x_wconf 94' lang='lat'>·</span> <span class='ocrx_word' id='word_1_95' title='bbox 503 2371 679 2469; x_wconf 83' lang='lat' dir='ltr'>pulverem</span> <span class='ocrx_word' id='word_1_96' title='bbox 699 2371 794 2467; x_wconf 87' lang='lat' dir='ltr'>supra</span> <span class='ocrx_word' id='word_1_97' title='bbox 814 2370 973 2465; x_wconf 87' lang='lat' dir='ltr'>scriptum</span> <span class='ocrx_word' id='word_1_98' title='bbox 987 2370 1146 2467; x_wconf 87' lang='lat' dir='ltr'>agitabis,</span> <span class='ocrx_word' id='word_1_99' title='bbox 1162 2375 1199 2447; x_wconf 81' lang='grc' dir='ltr'>δι</span> <span class='ocrx_word' id='word_1_100' title='bbox 1214 2371 1339 2470; x_wconf 83' lang='lat' dir='ltr'>pariter</span> <span class='ocrx_word' id='word_1_101' title='bbox 1360 2374 1471 2448; x_wconf 88' lang='lat' dir='ltr'>deco·</span> 
     </span>
     <span class='ocr_line' id='line_1_15' title="bbox 502 2459 1472 2579; baseline 0.003 -26"><span class='ocrx_word' id='word_1_102' title='bbox 502 2504 604 2577; x_wconf 78' lang='lat' dir='ltr'>quest</span> <span class='ocrx_word' id='word_1_103' title='bbox 617 2459 884 2579; x_wconf 57' lang='lat' dir='ltr'>refriperatoque</span> <span class='ocrx_word' id='word_1_104' title='bbox 903 2481 944 2553; x_wconf 93' lang='lat' dir='ltr'>ad</span> <span class='ocrx_word' id='word_1_105' title='bbox 958 2498 1194 2554; x_wconf 88' lang='lat' dir='ltr'>cancromatas</span> <span class='ocrx_word' id='word_1_106' title='bbox 1204 2481 1406 2578; x_wconf 62' lang='lat' dir='ltr'>“plagas,ad</span> <span class='ocrx_word' id='word_1_107' title='bbox 1419 2481 1472 2556; x_wconf 88' lang='lat' dir='ltr'>fa·</span> 
     </span>
     <span class='ocr_line' id='line_1_16' title="bbox 503 2592 1471 2690; baseline 0.004 -26"><span class='ocrx_word' id='word_1_108' title='bbox 503 2592 625 2667; x_wconf 76' lang='lat' dir='ltr'>micam</span> <span class='ocrx_word' id='word_1_109' title='bbox 649 2596 687 2668; x_wconf 81' lang='lat' dir='ltr'>dt</span> <span class='ocrx_word' id='word_1_110' title='bbox 711 2592 882 2690; x_wconf 81' lang='lat' dir='ltr'>cicatrices</span> <span class='ocrx_word' id='word_1_111' title='bbox 906 2593 1111 2667; x_wconf 79' lang='lat' dir='ltr'>seducendas</span> <span class='ocrx_word' id='word_1_112' title='bbox 1133 2592 1250 2669; x_wconf 83' lang='lat' dir='ltr'>uteris.</span> <span class='ocrx_word' id='word_1_113' title='bbox 1271 2593 1471 2668; x_wconf 87' lang='lat' dir='ltr'>Traumati·</span> 
     </span>
     <span class='ocr_line' id='line_1_17' title="bbox 503 2700 1470 2802; baseline 0.003 -28"><span class='ocrx_word' id='word_1_114' title='bbox 503 2726 581 2774; x_wconf 92' lang='lat' dir='ltr'>cum</span> <span class='ocrx_word' id='word_1_115' title='bbox 608 2727 748 2802; x_wconf 87' lang='lat' dir='ltr'>quoque</span> <span class='ocrx_word' id='word_1_116' title='bbox 771 2704 835 2777; x_wconf 89' lang='lat' dir='ltr'>bac</span> <span class='ocrx_word' id='word_1_117' title='bbox 856 2702 989 2776; x_wconf 91' lang='lat' dir='ltr'>ratione</span> <span class='ocrx_word' id='word_1_118' title='bbox 1009 2700 1251 2799; x_wconf 87' lang='lat' dir='ltr'>componitur:</span> <span class='ocrx_word' id='word_1_119' title='bbox 1271 2701 1388 2798; x_wconf 80' lang='lat' dir='ltr'>Misy,</span> <span class='ocrx_word' id='word_1_120' title='bbox 1408 2729 1470 2777; x_wconf 88' lang='lat' dir='ltr'>ca·</span> 
     </span>
     <span class='ocr_line' id='line_1_18' title="bbox 503 2809 1470 2917; baseline 0.003 -35"><span class='ocrx_word' id='word_1_121' title='bbox 503 2809 633 2883; x_wconf 83' lang='lat' dir='ltr'>thimiae</span> <span class='ocrx_word' id='word_1_122' title='bbox 646 2864 657 2899; x_wconf 96' lang='lat'>,</span> <span class='ocrx_word' id='word_1_123' title='bbox 671 2812 787 2899; x_wconf 90' lang='lat' dir='ltr'>aloes,</span> <span class='ocrx_word' id='word_1_124' title='bbox 808 2810 904 2886; x_wconf 91' lang='lat' dir='ltr'>acori</span> <span class='ocrx_word' id='word_1_125' title='bbox 925 2810 1027 2885; x_wconf 89' lang='lat' dir='ltr'>libras</span> <span class='ocrx_word' id='word_1_126' title='bbox 1053 2809 1218 2908; x_wconf 74' lang='lat' dir='ltr'>singulas,</span> <span class='ocrx_word' id='word_1_127' title='bbox 1243 2811 1402 2909; x_wconf 82' lang='lat' dir='ltr'>aeruginis</span> <span class='ocrx_word' id='word_1_128' title='bbox 1416 2813 1470 2917; x_wconf 85' lang='lat' dir='ltr'>li·</span> 
     </span>
    </p>
   </div>
   <div class='ocr_carea' id='block_1_7' title="bbox 324 2919 1486 3026">
    <p class='ocr_par' dir='ltr' id='par_1_8' title="bbox 324 2919 1486 3026">
     <span class='ocr_line' id='line_1_19' title="bbox 324 2919 1486 3026; baseline 0.004 -35"><span class='ocrx_word' id='word_1_129' title='bbox 324 2923 328 2936; x_wconf 93' lang='lat'>&#39;</span> <span class='ocrx_word' id='word_1_130' title='bbox 405 3016 410 3026; x_wconf 28' lang='lat'><em>⁶</em></span> <span class='ocrx_word' id='word_1_131' title='bbox 502 2919 578 2993; x_wconf 88' lang='lat' dir='ltr'>bras</span> <span class='ocrx_word' id='word_1_132' title='bbox 600 2921 704 3010; x_wconf 91' lang='lat' dir='ltr'>duas,</span> <span class='ocrx_word' id='word_1_133' title='bbox 723 2921 874 2996; x_wconf 89' lang='lat' dir='ltr'>chalcitis</span> <span class='ocrx_word' id='word_1_134' title='bbox 898 2920 1042 3009; x_wconf 93' lang='lat' dir='ltr'>libram,</span> <span class='ocrx_word' id='word_1_135' title='bbox 1063 2919 1173 2993; x_wconf 90' lang='lat' dir='ltr'>mellis</span> <span class='ocrx_word' id='word_1_136' title='bbox 1200 2919 1301 2992; x_wconf 89' lang='lat' dir='ltr'>libras</span> <span class='ocrx_word' id='word_1_137' title='bbox 1323 2921 1407 2995; x_wconf 86' lang='lat' dir='ltr'>duas</span> <span class='ocrx_word' id='word_1_138' title='bbox 1432 2922 1486 2995; x_wconf 87' lang='lat' dir='ltr'>in-</span> 
     </span>
    </p>
   </div>
   <div class='ocr_carea' id='block_1_8' title="bbox 424 3026 1507 4456">
    <p class='ocr_par' dir='ltr' id='par_1_9' title="bbox 502 3026 1333 3125">
     <span class='ocr_line' id='line_1_20' title="bbox 502 3026 1333 3125; baseline 0 -24"><span class='ocrx_word' id='word_1_139' title='bbox 502 3027 572 3101; x_wconf 87' lang='lat' dir='ltr'>olla</span> <span class='ocrx_word' id='word_1_140' title='bbox 593 3052 688 3101; x_wconf 86' lang='lat' dir='ltr'>nova</span> <span class='ocrx_word' id='word_1_141' title='bbox 709 3030 907 3125; x_wconf 77' lang='lat' dir='ltr'>decoquas,</span> <span class='ocrx_word' id='word_1_142' title='bbox 930 3026 1195 3125; x_wconf 78' lang='lat' dir='ltr'>refrigeratoque</span> <span class='ocrx_word' id='word_1_143' title='bbox 1214 3026 1333 3101; x_wconf 86' lang='lat' dir='ltr'>uteris.</span> 
     </span>
    </p>

    <p class='ocr_par' dir='ltr' id='par_1_10' title="bbox 429 3136 1471 3779">
     <span class='ocr_line' id='line_1_21' title="bbox 549 3136 1470 3237; baseline 0.009 -32"><span class='ocrx_word' id='word_1_144' title='bbox 549 3137 632 3232; x_wconf 78' lang='lat' dir='ltr'>XX.</span> <span class='ocrx_word' id='word_1_145' title='bbox 647 3136 823 3233; x_wconf 85' lang='lat' dir='ltr'>Malagmae</span> <span class='ocrx_word' id='word_1_146' title='bbox 836 3162 975 3232; x_wconf 87' lang='lat' dir='ltr'>quoque</span> <span class='ocrx_word' id='word_1_147' title='bbox 989 3136 1175 3209; x_wconf 87' lang='lat' dir='ltr'>istiusmodi</span> <span class='ocrx_word' id='word_1_148' title='bbox 1185 3136 1390 3233; x_wconf 73' lang='lat' dir='ltr'>compositio</span> <span class='ocrx_word' id='word_1_149' title='bbox 1403 3165 1470 3237; x_wconf 89' lang='lat' dir='ltr'>ap·</span> 
     </span>
     <span class='ocr_line' id='line_1_22' title="bbox 503 3243 1468 3342; baseline 0.007 -27"><span class='ocrx_word' id='word_1_150' title='bbox 503 3243 646 3339; x_wconf 86' lang='lat' dir='ltr'>probata</span> <span class='ocrx_word' id='word_1_151' title='bbox 660 3244 706 3315; x_wconf 84' lang='lat' dir='ltr'>est</span> <span class='ocrx_word' id='word_1_152' title='bbox 717 3245 854 3316; x_wconf 82' lang='lat' dir='ltr'>:Mellis</span> <span class='ocrx_word' id='word_1_153' title='bbox 869 3245 1010 3333; x_wconf 86' lang='lat' dir='ltr'>libram,</span> <span class='ocrx_word' id='word_1_154' title='bbox 1025 3245 1180 3342; x_wconf 86' lang='lat' dir='ltr'>galbani,</span> <span class='ocrx_word' id='word_1_155' title='bbox 1199 3245 1356 3335; x_wconf 83' lang='lat' dir='ltr'>storacis,</span> <span class='ocrx_word' id='word_1_156' title='bbox 1371 3248 1468 3332; x_wconf 84' lang='lat' dir='ltr'>bdel-</span> 
     </span>
     <span class='ocr_line' id='line_1_23' title="bbox 501 3351 1465 3453; baseline 0.005 -31"><span class='ocrx_word' id='word_1_157' title='bbox 501 3351 560 3442; x_wconf 88' lang='lat' dir='ltr'>lii,</span> <span class='ocrx_word' id='word_1_158' title='bbox 581 3353 705 3450; x_wconf 88' lang='lat' dir='ltr'>piperis</span> <span class='ocrx_word' id='word_1_159' title='bbox 730 3354 796 3427; x_wconf 90' lang='lat' dir='ltr'>albi</span> <span class='ocrx_word' id='word_1_160' title='bbox 824 3354 963 3453; x_wconf 87' lang='lat' dir='ltr'>srngulas</span> <span class='ocrx_word' id='word_1_161' title='bbox 987 3354 1110 3444; x_wconf 88' lang='lat' dir='ltr'>libras,</span> <span class='ocrx_word' id='word_1_162' title='bbox 1134 3354 1343 3428; x_wconf 85' lang='lat' dir='ltr'>Ammoniaci</span> <span class='ocrx_word' id='word_1_163' title='bbox 1368 3378 1465 3449; x_wconf 91' lang='lat' dir='ltr'>pon·</span> 
     </span>
     <span class='ocr_line' id='line_1_24' title="bbox 429 3463 1467 3562; baseline 0.005 -29"><span class='ocrx_word' id='word_1_164' title='bbox 429 3553 432 3562; x_wconf 30' lang='lat'>¹</span> <span class='ocrx_word' id='word_1_165' title='bbox 502 3463 581 3537; x_wconf 89' lang='lat' dir='ltr'>dera</span> <span class='ocrx_word' id='word_1_166' title='bbox 601 3464 691 3555; x_wconf 92' lang='lat' dir='ltr'>duo,</span> <span class='ocrx_word' id='word_1_167' title='bbox 707 3465 861 3539; x_wconf 79' lang='lat' dir='ltr'>medullae</span> <span class='ocrx_word' id='word_1_168' title='bbox 886 3465 1062 3556; x_wconf 74' lang='lat' dir='ltr'>cervina,</span> <span class='ocrx_word' id='word_1_169' title='bbox 1086 3466 1267 3539; x_wconf 89' lang='lat' dir='ltr'>baccarum</span> <span class='ocrx_word' id='word_1_170' title='bbox 1290 3464 1467 3539; x_wconf 84' lang='lat' dir='ltr'>lauriana</span> 
     </span>
     <span class='ocr_line' id='line_1_25' title="bbox 502 3572 1471 3673; baseline 0.007 -29"><span class='ocrx_word' id='word_1_171' title='bbox 502 3572 639 3664; x_wconf 89' lang='lat' dir='ltr'>libram,</span> <span class='ocrx_word' id='word_1_172' title='bbox 652 3574 735 3647; x_wconf 84' lang='lat' dir='ltr'>turis</span> <span class='ocrx_word' id='word_1_173' title='bbox 751 3575 891 3672; x_wconf 91' lang='lat' dir='ltr'>pollinis</span> <span class='ocrx_word' id='word_1_174' title='bbox 913 3576 1030 3651; x_wconf 87' lang='lat' dir='ltr'>uncias</span> <span class='ocrx_word' id='word_1_175' title='bbox 1044 3574 1234 3673; x_wconf 85' lang='lat' dir='ltr'>duas,-sepi</span> <span class='ocrx_word' id='word_1_176' title='bbox 1255 3573 1384 3673; x_wconf 82' lang='lat' dir='ltr'>caprini</span> <span class='ocrx_word' id='word_1_177' title='bbox 1401 3601 1471 3651; x_wconf 90' lang='lat' dir='ltr'>un·</span> 
     </span>
     <span class='ocr_line' id='line_1_26' title="bbox 504 3706 749 3779; baseline 0 -23"><span class='ocrx_word' id='word_1_178' title='bbox 504 3706 571 3757; x_wconf 83' lang='lat' dir='ltr'>cras</span> <span class='ocrx_word' id='word_1_179' title='bbox 590 3708 749 3779; x_wconf 87' lang='lat' dir='ltr'>qumque.</span> 
     </span>
    </p>

    <p class='ocr_par' dir='ltr' id='par_1_11' title="bbox 424 3793 1507 4456">
     <span class='ocr_line' id='line_1_27' title="bbox 549 3793 1494 3896; baseline 0.012 -31"><span class='ocrx_word' id='word_1_180' title='bbox 549 3793 844 3894; x_wconf 80' lang='lat' dir='ltr'>XX1.Malagmae</span> <span class='ocrx_word' id='word_1_181' title='bbox 867 3820 1008 3896; x_wconf 90' lang='lat' dir='ltr'>quoque</span> <span class='ocrx_word' id='word_1_182' title='bbox 1029 3794 1312 3871; x_wconf 83' lang='lat' dir='ltr'>medicamentum</span> <span class='ocrx_word' id='word_1_183' title='bbox 1327 3795 1394 3869; x_wconf 85' lang='lat' dir='ltr'>bac</span> <span class='ocrx_word' id='word_1_184' title='bbox 1415 3821 1494 3876; x_wconf 89' lang='lat' dir='ltr'>ra·.</span> 
     </span>
     <span class='ocr_line' id='line_1_28' title="bbox 501 3898 1507 3998; baseline 0.007 -26"><span class='ocrx_word' id='word_1_185' title='bbox 501 3898 598 3974; x_wconf 88' lang='lat' dir='ltr'>tione</span> <span class='ocrx_word' id='word_1_186' title='bbox 623 3904 869 3998; x_wconf 88' lang='lat' dir='ltr'>componitur:</span> <span class='ocrx_word' id='word_1_187' title='bbox 892 3902 1107 3978; x_wconf 88' lang='lat' dir='ltr'>Ammoniaci</span> <span class='ocrx_word' id='word_1_188' title='bbox 1132 3902 1247 3976; x_wconf 88' lang='lat' dir='ltr'>uncias</span> <span class='ocrx_word' id='word_1_189' title='bbox 1269 3921 1359 3994; x_wconf 89' lang='lat' dir='ltr'>tres,</span> <span class='ocrx_word' id='word_1_190' title='bbox 1382 3929 1473 3979; x_wconf 80' lang='lat' dir='ltr'>cerae</span> <span class='ocrx_word' id='word_1_191' title='bbox 1501 3911 1507 3917; x_wconf 84' lang='lat'>&#39;</span> 
     </span>
     <span class='ocr_line' id='line_1_29' title="bbox 500 4006 1474 4099; baseline 0.011 -24"><span class='ocrx_word' id='word_1_192' title='bbox 500 4006 641 4096; x_wconf 88' lang='lat' dir='ltr'>librain,</span> <span class='ocrx_word' id='word_1_193' title='bbox 656 4009 734 4081; x_wconf 88' lang='lat' dir='ltr'>nitri</span> <span class='ocrx_word' id='word_1_194' title='bbox 755 4008 849 4083; x_wconf 83' lang='lat' dir='ltr'>floris</span> <span class='ocrx_word' id='word_1_195' title='bbox 874 4012 990 4085; x_wconf 90' lang='lat' dir='ltr'>uncias</span> <span class='ocrx_word' id='word_1_196' title='bbox 1010 4012 1112 4099; x_wconf 85' lang='lat' dir='ltr'>duas,</span> <span class='ocrx_word' id='word_1_197' title='bbox 1128 4011 1244 4084; x_wconf 83' lang='lat' dir='ltr'>resrnae</span> <span class='ocrx_word' id='word_1_198' title='bbox 1265 4011 1474 4086; x_wconf 89' lang='lat' dir='ltr'>terebinthi·</span> 
     </span>
     <span class='ocr_line' id='line_1_30' title="bbox 501 4117 1472 4213; baseline 0.011 -27"><span class='ocrx_word' id='word_1_199' title='bbox 501 4140 555 4188; x_wconf 84' lang='lat' dir='ltr'>nae</span> <span class='ocrx_word' id='word_1_200' title='bbox 581 4117 732 4213; x_wconf 89' lang='lat' dir='ltr'>pondera</span> <span class='ocrx_word' id='word_1_201' title='bbox 754 4120 847 4207; x_wconf 92' lang='lat' dir='ltr'>duo,</span> <span class='ocrx_word' id='word_1_202' title='bbox 870 4119 1008 4196; x_wconf 84' lang='lat' dir='ltr'>storacis</span> <span class='ocrx_word' id='word_1_203' title='bbox 1029 4119 1146 4192; x_wconf 88' lang='lat' dir='ltr'>uncias</span> <span class='ocrx_word' id='word_1_204' title='bbox 1177 4138 1263 4209; x_wconf 86' lang='lat' dir='ltr'>tres,</span> <span class='ocrx_word' id='word_1_205' title='bbox 1283 4120 1472 4209; x_wconf 88' lang='lat' dir='ltr'>baccarum</span> 
     </span>
     <span class='ocr_line' id='line_1_31' title="bbox 502 4224 1474 4331; baseline 0.016 -37"><span class='ocrx_word' id='word_1_206' title='bbox 502 4224 587 4301; x_wconf 86' lang='lat' dir='ltr'>lauri</span> <span class='ocrx_word' id='word_1_207' title='bbox 602 4228 719 4302; x_wconf 87' lang='lat' dir='ltr'>uncias</span> <span class='ocrx_word' id='word_1_208' title='bbox 740 4230 816 4322; x_wconf 85' lang='lat' dir='ltr'>serr,</span> <span class='ocrx_word' id='word_1_209' title='bbox 834 4230 902 4303; x_wconf 92' lang='lat' dir='ltr'>olei</span> <span class='ocrx_word' id='word_1_210' title='bbox 915 4229 1063 4331; x_wconf 89' lang='lat' dir='ltr'>Cyprini</span> <span class='ocrx_word' id='word_1_211' title='bbox 1079 4230 1194 4306; x_wconf 84' lang='lat' dir='ltr'>uncias</span> <span class='ocrx_word' id='word_1_212' title='bbox 1207 4249 1293 4321; x_wconf 88' lang='lat' dir='ltr'>tres,</span> <span class='ocrx_word' id='word_1_213' title='bbox 1308 4232 1378 4307; x_wconf 91' lang='lat' dir='ltr'>olei</span> <span class='ocrx_word' id='word_1_214' title='bbox 1391 4234 1474 4310; x_wconf 91' lang='lat' dir='ltr'>lau·</span> 
     </span>
     <span class='ocr_line' id='line_1_32' title="bbox 424 4333 1474 4456; baseline 0.017 -51"><span class='ocrx_word' id='word_1_215' title='bbox 424 4440 431 4456; x_wconf 34' lang='grc' dir='ltr'>Ι</span> <span class='ocrx_word' id='word_1_216' title='bbox 502 4335 569 4412; x_wconf 88' lang='lat' dir='ltr'>rini</span> <span class='ocrx_word' id='word_1_217' title='bbox 587 4340 705 4417; x_wconf 87' lang='lat' dir='ltr'>uncias</span> <span class='ocrx_word' id='word_1_218' title='bbox 718 4359 807 4440; x_wconf 86' lang='lat' dir='ltr'>tres,</span> <span class='ocrx_word' id='word_1_219' title='bbox 822 4343 978 4418; x_wconf 81' lang='lat' dir='ltr'>medulla</span> <span class='ocrx_word' id='word_1_220' title='bbox 999 4342 1149 4421; x_wconf 75' lang='lat' dir='ltr'>cervina</span> <span class='ocrx_word' id='word_1_221' title='bbox 1169 4341 1286 4419; x_wconf 90' lang='lat' dir='ltr'>uncias</span> <span class='ocrx_word' id='word_1_222' title='bbox 1300 4342 1382 4444; x_wconf 83' lang='lat' dir='ltr'>sex,</span> <span class='ocrx_word' id='word_1_223' title='bbox 1397 4333 1474 4423; x_wconf 87' lang='lat' dir='ltr'>olei</span> 
     </span>
    </p>
   </div>
   <div class='ocr_carea' id='block_1_9' title="bbox 0 0 1942 5759">
    <p class='ocr_par' dir='ltr' id='par_1_12' title="bbox 0 0 1942 5759">
     <span class='ocr_line' id='line_1_33' title="bbox 0 0 1942 5759; baseline 0 3"><span class='ocrx_word' id='word_1_224' title='bbox 0 0 1942 5759; x_wconf 95' lang='lat' dir='ltr'> </span> 
     </span>
    </p>
   </div>
  </div>
 </body>
</html>
