3875 5759
539 861 679 979 111.
729 864 1221 979 eumantius.
1324 931 1388 981 ιιι
1464 953 1468 960 -

422 1065 489 1142 lius
502 1081 659 1163 putatur,
678 1065 774 1165 quod
795 1063 958 1140 vetustius
978 1003 1080 1137 firdrit
1095 1089 1104 1132 τ
1120 1064 1302 1141 deledlatur
1323 1066 1392 1139 hu.
1447 1082 1449 1090 ¹

421 1202 533 1251 more.
555 1176 660 1249 satum
682 1176 769 1249 bene
792 1198 870 1249 cum
885 1174 980 1247 olere
998 1198 1205 1273 quocunque
1227 1174 1394 1251 nascetur.

420 1288 502 1361 Hoc
519 1285 632 1358 mense
647 1284 822 1359 cucurbita
844 1283 982 1356 serenda
998 1283 1057 1359 est.
1074 1305 1163 1358 amat
1189 1277 1298 1359 solum
1315 1287 1395 1384 pin·

421 1420 513 1493 gue,
530 1391 727 1481 humidum,
743 1393 984 1482 stercoratum,
1001 1391 1161 1467 solutum.
1182 1396 1261 1467 Hoc
1278 1395 1315 1467 in
1331 1422 1394 1468 cu·
1446 1463 1451 1471 .

421 1504 562 1581 curbitis
583 1503 711 1601 insigne
726 1501 793 1596 est,
814 1502 911 1600 quod
930 1501 1049 1601 longas
1070 1504 1209 1598 pariunt
1230 1506 1395 1581 &exiles

421 1615 571 1701 semina,
584 1638 664 1713 quae
685 1612 721 1686 in
742 1619 858 1685 earum
877 1613 1017 1686 cervice
1039 1613 1241 1688 nascuntur:
1263 1641 1343 1716 quae
1355 1618 1393 1690 in

422 1744 545 1798 ventre
563 1722 716 1812 fiterant,
739 1719 932 1794 cucurbitas
953 1719 1084 1813 faciunt
1104 1722 1277 1807 crassiores
1291 1749 1300 1794 τ
1313 1750 1392 1821 quae

421 1834 459 1911 in
474 1837 610 1937 fundo,
624 1837 728 1927 laras,
743 1835 769 1907 sa
782 1833 923 1909 inversis
943 1836 1178 1911 cacuminibus·
1192 1836 1393 1911 obruantur.
1492 1902 1494 1908 .

422 1947 494 2021 Ubi
514 1946 706 2021 adolescere
726 1944 917 2039 coeperint,
939 1946 1153 2020 adminiculis
1176 1946 1393 2037 adjuventur.

335 2109 339 2116 -
423 2078 500 2151 quae
515 2056 691 2127 servantur
708 2054 751 2127 ad
770 2052 914 2140 semina,
938 2053 1043 2149 usque
1062 2053 1103 2126 ad
1120 2055 1270 2154 'hiemem
1283 2054 1319 2127 in
1336 2054 1418 2146 sua,

423 2160 496 2236 vite
510 2160 741 2255 dependeant,
756 2160 879 2232 deinde
893 2158 1031 2231 sublatae
1052 2159 1088 2232 in
1110 2159 1180 2233 sole
1198 2181 1392 2258 ponantur,

424 2285 485 2341 aut
499 2261 621 2340 sume:
634 2266 731 2340 aliter
749 2266 875 2340 semina
895 2267 1079 2364 putrefasla
1099 2270 1293 2368 depereunt.
1312 2274 1392 2346 Hoc

405 2376 538 2488 pnense
565 2376 667 2449 blitus
689 2375 807 2449 seritur
830 2374 905 2448 solo
931 2377 1178 2474 qualicunque,
1206 2379 1393 2457 sedculto.

423 2488 502 2562 olus
527 2489 599 2561 hoc
629 2512 743 2585 neque
765 2489 979 2561 runcandunt
1003 2487 1070 2578 est,
1090 2516 1200 2593 neque
1223 2490 1393 2565 sarculan-

423 2598 515 2671 dum.
534 2621 613 2669 cum
638 2596 738 2669 semel
753 2617 869 2668 natum
888 2595 1133 2693 fue,rit,ipsum
1154 2598 1186 2671 se
1207 2623 1266 2694 per
1286 2601 1391 2674 multa

423 2705 532 2781 secula
551 2706 686 2779 seminis
707 2706 757 2778 sui
776 2705 1173 2803 dejeslione'reparabit,
1188 2728 1245 2798 ut,
1263 2709 1391 2781 etiamsi

423 2821 531 2905 velis,
546 2820 606 2890 via
623 2818 724 2913 poffit
746 2818 885 2891 aboleri.
904 2821 1005 2891 Nunc
1024 2819 1123 2891 etiam
1141 2819 1325 2915 serpyllum
1344 2820 1413 2893 se-'
1499 2898 1500 2904 χ

424 2926 514 2997 ritnr
531 2924 654 3018 plantis
675 2928 711 2997 δι
731 2924 876 3015 semine,
896 2924 951 2996 sed
977 2924 1141 2998 vetustate
1162 2924 1308 3002 meliori.
1334 2927 1392 2997 lae·

426 3033 494 3106 tius
523 3030 712 3123 frondebit,
733 3032 757 3105 st
778 3033 875 3127 juxta
895 3032 1080 3130 piscinam,
1095 3033 1151 3109 vel
1174 3033 1307 3122 lacum,
1334 3036 1392 3107 vel

425 3139 520 3235 putei
534 3131 705 3237 ¹margines
727 3140 937 3218 conseratur.
959 3142 1099 3215 Anisum
1115 3168 1253 3241 quoque
1268 3146 1306 3218 dc
1324 3169 1391 3244 cy·

425 3248 554 3321 minum
576 3275 666 3323 nunc
688 3251 775 3323 bene
798 3249 927 3324 seritur.
950 3253 1037 3325 locis
1062 3252 1250 3324 laetioribus
1272 3254 1392 3327 melius

424 3360 609 3456 provenit,
628 3362 777 3459 itemque
804 3364 945 3455 ceteris,
969 3363 994 3434 sr
1020 3363 1165 3435 humore
1187 3361 1326 3457 juvetur
1352 3364 1392 3438 δι

425 3470 582 3546 llercore.
1046 3550 1049 3555 ,

482 3584 531 3656 X.
559 3580 662 3654 Locis
683 3582 876 3677 temperatis
903 3582 1015 3655 mense
1039 3583 1167 3655 Martio
1197 3580 1254 3654 vel
1280 3582 1391 3677 Aprili
1419 3607 1420 3610 ’

424 3688 510 3761 mala
527 3688 653 3789 Punica
677 3687 847 3777 setemus;
873 3691 989 3765 calidis
1007 3692 1093 3764 ve'ro
1112 3694 1150 3764 &
1173 3690 1288 3781 siccis,
1311 3693 1390 3763 No·

425 3797 584 3870 vembrit
605 3819 694 3871 amat
714 3800 787 3882 haec
809 3803 912 3874 arbor
932 3802 1042 3874 solum
1063 3802 1260 3887 cretosum,
1285 3802 1391 3874 maci·

424 3907 577 3999 lentum,
591 3911 646 3983 sed
664 3912 700 3994 in
715 3913 833 4010 pingui
849 3912 949 4010 etiam
975 3911 1150 4007 provenit.
1172 3910 1265 4006 regio
1280 3899 1328 3981 illi
1342 3908 1391 3981 est

425 4038 501 4111 apta
512 4071 523 4105 ,
535 4044 611 4113 quae
633 4020 741 4092 calida
758 4021 816 4094 est.
834 4020 954 4092 seritur
968 4018 1095 4115 plantis
1110 4019 1150 4088 de
1173 4037 1318 4088 matrum
1335 4040 1391 4086 ra-

424 4125 500 4201 dice
516 4128 676 4200 devulsrs.
698 4128 761 4198 Sed
778 4129 936 4223 quamvis
960 4126 1074 4199 multis
1096 4125 1274 4221 generibus
1300 4122 1393 4198 sera-

425 4254 504 4327 tut,
524 4240 645 4313 melius
665 4259 777 4317 tamen
798 4266 908 4314 ramus
926 4240 998 4335 ejus
1017 4237 1170 4311 cubitalis
1184 4233 1306 4308 incisus
1321 4264 1391 4316 ma·

392 4395 396 4404 ι
426 4345 538 4421 nubrii
548 4346 783 4439 craffitudine,
796 4349 834 4423 &
849 4348 958 4446 capite
974 4366 1121 4445 utroque
1134 4359 1231 4417 acuta
1243 4340 1329 4420 falce
1343 4344 1393 4427 lee
