3875 5759
1135 729 1145 792 l
1268 773 1270 782 t

571 894 749 968 sarrs
773 813 989 968 versatu
1015 895 1114 970 srva
1136 877 1328 971 ιἰυιοιι.
1381 920 1449 994 431

542 1057 614 1129 Vll.
628 1059 727 1129 Aetas
740 1054 896 1153 longaeva
912 1055 1038 1147 Persrs,
1061 1051 1264 1147 anniscis‚
1278 1025 1452 1155 Epirotis,

490 1166 683 1241 acSiculisr
697 1168 838 1242 brevior
858 1168 1016 1266 Hispanis
1033 1195 1074 1244 ac
1091 1171 1262 1248 Numidis.
1282 1177 1452 1272 Frequens

464 1371 466 1375 ι
490 1275 612 1369 opinio
627 1277 689 1367 est,
707 1280 892 1355 Barbaricis
904 1283 996 1355 nulla
1008 1280 1193 1355 adhibenda
1209 1282 1453 1371 medicamina,

489 1385 584 1477 quod
605 1387 713 1485 usque
733 1391 819 1465 adeo
839 1411 966 1464 naturae
988 1388 1154 1464 beneficio
1176 1391 1295 1489 aegtoti
1315 1416 1451 1466 conva-

488 1486 636 1583 lescant,
659 1513 697 1567 ut
712 1495 761 1569 eis
780 1499 939 1572 nocitura
959 1497 999 1573 srt
1017 1524 1108 1573 cura.
1129 1500 1192 1583 Sed
1208 1498 1286 1572 falsa
1307 1517 1378 1572 erat
1390 1497 1451 1573 ista

488 1601 668 1697 persuasio.
694 1631 771 1681 nant
791 1631 919 1706 quanto
937 1609 1082 1683 fortiora
1098 1611 1246 1700 membra
1267 1610 1359 1701 sunt,
1381 1635 1450 1684 tan·

488 1728 528 1782 to
551 1712 675 1788 diutius
696 1716 850 1810 vivunt,
874 1720 899 1792 st
916 1745 960 1793 ex
980 1739 1050 1791 arte
1071 1696 1211 1792 veniens
1229 1719 1357 1791 medela
1376 1745 1450 1793 non

488 1822 582 1896 defit.
615 1828 829 1922 spadonibus
857 1850 969 1904 tamen
999 1830 1088 1901 inter
1115 1829 1266 1901 auslores
1298 1830 1450 1904 constitit
1527 1865 1530 1873 ·

488 1932 682 2031 sanguinem
699 1940 741 2011 de
755 1941 894 2012 matrice
906 1964 1077 2035 nunquam
1088 1990 1099 2028 ,
1112 1939 1171 2011 nist
1186 1938 1275 2010 forre
1295 1963 1335 2011 ex
1345 1939 1449 2013 nimia

486 2044 525 2116 &
543 2065 692 2120 extrema
710 2049 917 2139 necessitate,
932 2048 1142 2122 tollendum:
1156 2046 1336 2144 propterea
1351 2049 1448 2146 quod
1492 2127 1495 2135 ,

486 2155 611 2228 caloris
630 2158 809 2230 maximam
834 2179 963 2253 partem
985 2185 1062 2236 cunr
1090 2160 1228 2233 testibus
1255 2158 1448 2233 amiserunt.

485 2260 544 2331 De
571 2263 688 2357 palato
711 2282 847 2356 tamen,
875 2264 900 2337 st
925 2290 996 2339 non
1028 2267 1187 2365 impediat
1215 2266 1446 2367 negligentia,

486 2373 678 2447 omnrbus
659 2399 768 2471 prope
781 2376 948 2450 mensibus
966 2396 1034 2450 tam
1045 2377 1382 2475 spadonibus‚quam
1395 2394 1447 2447 te
1522 2390 1525 2399 '

484 2477 666 2571 sticulatis,
687 2484 889 2612 pninuendus
905 2484 952 2557 est
966 2483 1120 2583 sanguis.
1114 2481 1308 2554 Admislarii
1319 2481 1445 2556 verost

484 2561 705 2667 cohibeantui
720 2621 739 2667 a
754 2619 896 2685 venere,
917 2592 977 2666 nisi
990 2592 1198 2666 dematricati
1219 2590 1361 2678 fuerint,
1375 2615 1444 2663 cae·

483 2726 550 2775 carr
541 2701 656 2797 saepe
675 2704 857 2775 dicuntur:
871 2725 1029 2797 quamvrs
1040 2724 1083 2772 eo
1100 2724 1213 2785 anno,
1234 2723 1305 2796 quo
1324 2699 1444 2770 admis-

482 2810 554 2881 sum
577 2809 728 2898 faciunt,
753 2810 882 2908 nonsit
906 2809 953 2881 eis
975 2832 1065 2885 verta
1086 2806 1227 2879 laxanda
1236 2860 1254 2898 „
1275 2832 1319 2886 ne
1340 2832 1443 2903 gene·

482 2919 609 2990 rationi
629 2918 796 2990 intentum
819 2944 943 3016 corpus
971 2944 1051 2992 cura
1079 2918 1222 3018 geminae
1244 2918 1467 2993 necessitatis·

483 3026 669 3101 exhauriat.
696 3028 857 3102 Studiosis
889 3052 1059 3126 equorum
1082 3053 1159 3125 quae
1190 3053 1269 3101 cura
1299 3027 1442 3120 stabuli,

484 3135 544 3233 qui
555 3136 790 3212 alimentorum
808 3140 935 3228 cultus,
954 3166 1031 3237 quat
1048 3131 1300 3214 observationis
1315 3140 1442 3215 sollici·
1536 3181 1552 3197 υ

482 3247 569 3319 tudo
590 3248 773 3343 praestanda
792 3252 848 3338 sit,
869 3251 997 3349 primus
1010 3276 1050 3326 ac
1070 3250 1232 3324 secundus
1250 3249 1378 3325 indicat
1397 3250 1441 3324 li-

481 3357 554 3429 ber.
577 3359 699 3448 Nunc,
719 3360 862 3433 decursis
878 3359 1038 3432 omnibus
1058 3360 1130 3445 his,
1143 3384 1220 3454 quae
1242 3358 1340 3452 hujus
1360 3359 1441 3431 artis

480 3465 634 3539 doslrina
665 3470 844 3563 poscebat,
877 3469 920 3538 ad
951 3467 1218 3562 compositiones
1242 3467 1440 3540 necessaria·

480 3601 555 3650 rum
574 3576 755 3671 potionum
781 3576 1171 3672 medicamentorumque
1192 3576 1438 3667 descendimus,

480 3685 666 3783 inquibus
691 3688 730 3760 δι
752 3685 927 3782 explorata
953 3683 1196 3781 congessimus,
1218 3686 1257 3758 δι
1275 3709 1336 3772 ea,
1360 3710 1438 3782 quae

481 3817 554 3865 non
578 3811 645 3866 tarn
670 3795 712 3866 ad
734 3795 912 3867 utilitatem
937 3793 1097 3880 curandi,
1118 3818 1217 3889 quant
1248 3795 1296 3865 ob
1317 3795 1437 3866 carita·

481 3925 550 3978 tem
565 3904 718 3992 emendi,
733 3902 1037 3975 mulomedicorum
1055 3902 1221 3999 cupiditas
1237 3901 1436 3992 inflaverat,

480 4013 724 4087 submovimus.
750 4012 893 4085 Constat
923 4036 1095 4110 namque,
1125 4033 1289 4084 nontam
1322 4011 1436 4083 multis

481 4143 591 4215 neque
605 4118 757 4214 pretiosis
782 4118 975 4215 speciebus,
1000 4118 1054 4191 sed
1074 4118 1211 4214 paucis,
1233 4120 1272 4190 δι
1289 4118 1332 4190 ad
1353 4143 1435 4189 cau-

480 4229 566 4318 sam,
582 4228 703 4325 dequo
720 4229 852 4326 agitur,
873 4229 1105 4303 accommodis
1120 4228 1211 4323 posse
1228 4227 1344 4300 sanari.
1359 4226 1435 4298 Pri·

480 4365 573 4414 mum
591 4338 693 4437 igitur
713 4359 751 4414 ut
767 4339 906 4441 pinguia
926 4338 1016 4414 snt
1005 4358 1155 4437 tumenta
1171 4355 1239 4411 tarn
1255 4336 1291 4411 in
1305 4336 1433 4412 curuli·
