3875 5759
585 895 659 971 304
765 870 1277 946 vacearrtru.
1328 847 1451 943 tn(

468 1070 474 1083 ·
584 1033 761 1108 fundes&
780 1031 908 1122 dilues‚
920 1049 1089 1129 unamque
1107 1032 1241 1106 nostem
1259 1032 1347 1107 intra
1366 1031 1550 1108 auriculam

584 1142 729 1218 infusam
746 1139 920 1238 spongiam
936 1166 1072 1215 manere
1091 1140 1237 1239 parietis.
1251 1140 1319 1216 Die
1333 1144 1434 1218 tertio
1453 1145 1550 1219 nitro
1588 1193 1591 1198 -

584 1254 623 1327 &
643 1278 727 1351 aqua
747 1249 854 1323 calida
874 1247 995 1324 fovere
1014 1250 1155 1348 incipies
1175 1252 1368 1351 frequenter
1392 1256 1430 1329 δι
1455 1255 1516 1329 diu
1536 1306 1549 1344 ,

585 1364 697 1436 donec
717 1357 819 1432 dolor
838 1356 982 1432 recedat.
997 1358 1143 1452 Quodf
1163 1385 1249 1457 aqua
1268 1362 1371 1436 fuerit
1384 1362 1549 1460 ingreffa,

501 1516 503 1519 -
575 1471 697 1552 oleum
720 1485 819 1540 vetus
835 1468 882 1541 δι-
900 1484 1032 1544 acetum
1054 1468 1157 1566 aequis
1184 1471 1393 1566 ponderibus
1416 1471 1548 1569 adjedio

582 1576 675 1649 nitro
689 1574 855 1649 inaurem
868 1574 1013 1662 mittito,
1027 1577 1242 1652 &succidam
1257 1579 1368 1655 lanam
1382 1580 1548 1679 superim-

546 1768 549 1776 ,
581 1688 718 1786 ponito.
735 1688 1548 1788 Sivulnerafuerint,lyparemauribusinseres,

583 1800 622 1873 δι
643 1797 774 1871 curasti.

631 1911 711 1981 XV.
733 1906 978 2005 Quodcunque
999 1905 1187 1998 jumentum
1206 1905 1242 1979 in
1256 1905 1366 1980 oculis
1381 1906 1549 1981 tritiacem

583 2017 749 2114 patietur,
764 2015 798 2088 id
816 2016 878 2106 est,
893 2035 930 2089 ut
951 2016 1014 2113 pili
1034 2014 1132 2089 aliam
1145 2015 1336 2113 palpebram
1351 2034 1485 2086 urentes
1500 2015 1553 2088 la·

584 2128 707 2201 crimas
735 2142 928 2214 moveant,
951 2123 1131 2223 visumque
1158 2123 1387 2211 conturbent,
1409 2124 1472 2196 bac
1494 2149 1552 2197 ra·

583 2234 681 2306 tione
694 2252 838 2307 curatur.
857 2233 941 2305 Non
960 2232 1064 2330 longe
1084 2260 1103 2305 a
1126 2233 1202 2330 pilis
1222 2235 1264 2306 ab
1277 2232 1430 2305 interiori
1454 2234 1567 2329 parte'

541 2341 551 2354 ’
584 2344 745 2439 scalpello
767 2345 898 2441 plagam
911 2346 1007 2417 dabis
1026 2347 1062 2417 in
1086 2364 1162 2419 cute
1176 2347 1346 2442 palpebrae
1360 2398 1371 2432 ,
1385 2343 1460 2440 post
1477 2343 1548 2416 sor·

582 2453 715 2551 picibus
739 2478 798 2548 per
816 2451 957 2551 longum
984 2452 1026 2524 ad
1046 2451 1235 2526 mensuram
1257 2451 1351 2525 oculi
1376 2451 1546 2526 fasciolam

582 2560 763 2659 praecides,
777 2562 815 2633 δι
830 2558 994 2656 impositis
1005 2557 1119 2636 fibulis
1133 2557 1275 2632 cousues
1287 2561 1482 2656 palpebram
1496 2560 1548 2633 fo·

584 2671 632 2745 ris
652 2670 788 2759 versus,
802 2688 840 2743 ut
859 2670 981 2743 oculus
1004 2670 1072 2742 fine
1096 2667 1310 2743 deformitate
1331 2670 1472 2765 recipiat
1491 2669 1549 2741 vi·

582 2780 708 2867 sums&
721 2780 860 2878 gratiam
873 2780 1069 2852 naturalem.
1079 2780 1181 2853 Tunc
1197 2801 1281 2850 vero
1298 2776 1432 2873 optimo
1447 2776 1547 2868 oleo,

583 2917 737 2965 necnon
762 2871 862 2963 eriam
885 2889 993 2961 muria
1020 2886 1161 2959 infusam
1185 2886 1359 2983 spongiam
1384 2887 1547 2984 superpo·

582 3024 667 3087 nes,
686 3002 724 3071 &
744 2998 883 3068 oculum
904 2995 1067 3068 fasciabis.
1093 2995 1172 3065 Post
1194 2995 1247 3065 die
1272 2995 1394 3090 quinto
1422 2997 1547 3088 solvis,

581 3125 666 3178 tunc
685 3104 884 3176 intrinsecus
909 3103 1047 3175 oculum
1078 3102 1232 3199 collyrio
1255 3105 1548 3179 curabistdeforis

581 3235 671 3284 vcro
689 3210 989 3306 tetrapharmacum
1019 3209 1196 3304 impones,
1218 3235 1290 3282 non
1315 3213 1406 3307 prius
1432 3212 1547 3290 fibulas

486 3370 512 3405 x,
581 3322 776 3407 ablaturus,
802 3344 902 3416 quam
927 3317 1062 3389 duxerit
1090 3318 1291 3391 cicatricem.
1316 3320 1547 3395 Nihilominus

581 3433 621 3505 δι
646 3427 841 3503 cadentibus
865 3426 999 3513 fibulis,
1020 3427 1160 3525 collyrii
1179 3452 1258 3500 cura
1274 3453 1345 3499 non
1367 3431 1491 3522 deerit,
1506 3457 1547 3503 ne

495 3560 497 3563 ’
582 3566 666 3617 caro
685 3538 794 3612 rursus
818 3538 981 3633 superflua
1003 3538 1183 3612 excrescat.
1203 3537 1266 3611 Sed
1288 3541 1439 3639 plerique
1453 3544 1546 3613 adhi-

581 3652 664 3726 bent
691 3673 768 3721 cum
797 3646 1012 3724 deformitate
1037 3648 1302 3743 compendium,
1326 3668 1364 3721 ut
1389 3671 1545 3744 partem,

581 3788 658 3860 quae
675 3757 865 3855 prominet,
877 3760 917 3828 ad
931 3759 1116 3830 mensuram
1132 3777 1258 3830 naturae
1272 3759 1459 3856 forpicibus
1471 3786 1545 3850 am·

581 3889 724 3970 putent,
747 3870 865 3965 pusca,
889 3896 965 3966 qnae
988 3867 1103 3965 frigida
1129 3868 1225 3957 sum,
1246 3888 1386 3967 propter
1413 3870 1543 3944 fluxum

581 3979 751 4078 sanguinis
765 3976 928 4067 foveant,
943 3978 1081 4050 oculum
1099 3976 1250 4075 collyrio
1271 3978 1468 4055 intrinsecus
1483 4004 1544 4053 cu·

581 4109 678 4175 rent,
697 4113 739 4159 ne
754 4087 996 4182 indignationis
1016 4086 1204 4157 neceffitate
1219 4088 1368 4162 laedatur.

631 4202 726 4273 XVI.
751 4198 894 4271 Suffusio
916 4200 997 4273 sicut
1016 4199 1220 4291 hominum,
1243 4198 1288 4269 ita
1311 4197 1542 4291 jumentorum

584 4304 725 4404 impedit
746 4307 855 4383 visum
864 4361 877 4403 ,
898 4307 994 4404 cujus
1008 4306 1071 4382 tria
1086 4330 1208 4406 genera
1223 4307 1264 4381 ab
1279 4309 1472 4383 austoribus
1486 4308 1541 4381 in·

833 4477 845 4519 l
