3875 5759
596 709 658 770 'ng'

598 923 702 996 cru
751 865 1242 991 rusuuurrus.
1349 938 1419 1010 123·

448 1081 579 1158 mittetr
602 1100 642 1155 ut
661 1081 726 1155 smt
739 1079 798 1154 alti
812 1095 914 1176 atque
927 1076 1120 1174 ingentibus
1131 1072 1314 1161 membris,
1334 1091 1415 1145 aeta·

448 1194 490 1266 tis
514 1192 656 1280 media,
681 1190 756 1285 [δι]
778 1189 905 1288 magis,
919 1185 1187 1285 quaejuventute
1212 1184 1328 1256 minor
1349 1182 1419 1270 est,

448 1327 550 1399 quam
571 1325 647 1398 qua
665 1298 812 1372 declinet
831 1299 868 1370 in
881 1296 1035 1370 senium:
1052 1315 1155 1369 torva
1174 1292 1283 1381 facie,
1304 1293 1420 1391 parvis

448 1411 634 1500 cornibus,
654 1408 773 1484 torosa
787 1408 947 1507 vastaque
960 1406 1123 1495 cervice,
1138 1424 1261 1479 ventre
1282 1402 1421 1476 substri-

448 1522 515 1603 llo.
530 1524 665 1593 Vaccas
683 1519 784 1593 etiam
801 1543 893 1592 nuuc
907 1518 1055 1591 maxime
1069 1515 1271 1614 parabimus.
1291 1515 1348 1587 sed
1361 1514 1423 1587 eli·

450 1657 565 1730 gemus
586 1630 699 1705 forma
718 1630 873 1705 altillima
885 1685 898 1720 ,
911 1627 1070 1730 corporis
1091 1627 1208 1727 longi,
1221 1626 1307 1699 uteri
1322 1651 1423 1722 capa·
1451 1642 1453 1646 ’

452 1743 500 1816 cis
521 1744 560 1818 dc
581 1741 722 1840 magni,
742 1741 811 1814 alta
825 1740 962 1833 fronte,
974 1740 1084 1816 oculis
1101 1733 1203 1838 tigris
1222 1743 1259 1813 dc
1284 1738 1423 1837 grandi·

450 1852 537 1938 bus,
560 1852 709 1949 pulchris
729 1853 914 1941 cornibus,
934 1852 974 1925 &
994 1853 1165 1948 pracipue
1188 1850 1318 1946 nigris,
1341 1873 1421 1921 aure

450 1960 577 2052 setosa,
593 1960 784 2057 palearibus
803 1963 842 2036 &
859 1962 977 2035 caudis
993 1961 1173 2044 maximis,
1189 1958 1324 2057 ungulis
1342 1959 1424 2029 bre·

373 2090 379 2096 '
451 2069 576 2159 vibus,
593 2069 802 2143 &cruribus
820 2070 926 2168 nigris
942 2072 980 2144 δι
996 2070 1131 2166 parvis,
1150 2068 1257 2140 aetatis
1275 2064 1424 2138 maxime

453 2180 589 2269 trima,
615 2181 695 2276 quia
724 2179 831 2279 usque
856 2183 900 2256 ad
923 2179 1127 2254 decennium
1145 2178 1282 2251 foetura
1303 2203 1346 2254 ex
1372 2174 1425 2252 his

456 2289 619 2385 procedet
644 2289 777 2363 utilior.
798 2316 862 2364 nec
887 2311 966 2365 ante
987 2309 1120 2363 atatem
1147 2289 1283 2360 trimam
1307 2308 1442 2388 tauros

453 2399 505 2471 his
532 2416 672 2495 oportet
696 2400 841 2476 admitti.
864 2402 931 2473 Sed
960 2401 1025 2474 erit
1051 2401 1197 2474 studium
1226 2399 1423 2498 diligentis,
1497 2419 1500 2424 ·

373 2545 376 2552 ·
452 2508 575 2580 amotis
594 2508 808 2597 senioribus,
820 2509 979 2583 novellas
999 2510 1141 2599 subinde
1155 2512 1370 2596 conducere,
1385 2513 1425 2584 &

452 2614 578 2693 steriles
601 2638 716 2693 aratro
739 2645 779 2694 ac
804 2620 980 2694 laboribus
999 2622 1173 2716 deputare.
1197 2621 1312 2693 Graeci
1338 2609 1422 2692 alle·⁴

452 2747 556 2821 runt,
576 2730 724 2803 limares
742 2754 857 2824 creare
874 2731 984 2817 velis,
999 2731 1165 2804 sinistrum
1178 2730 1266 2802 tauri
1280 2730 1314 2801 in
1330 2731 1427 2804 coitu
1537 2752 1541 2758 ·

358 2868 361 2876 ·
451 2840 628 2938 ligandum
646 2840 712 2913 effe
729 2840 943 2926 testiculum3
959 2840 985 2910 st
999 2838 1161 2944 feminas,
1178 2841 1332 2913 dextrum
1348 2866 1357 2912 ι
1373 2859 1427 2912 ta·

434 2974 534 3021 men
553 2970 671 3022 tauros
690 2949 750 3022 diu
764 2970 842 3022 ante
859 2948 1098 3041 abstinendos,
1121 2968 1184 3042 ut,
1201 2977 1278 3026 cum
1294 2970 1427 3048 tempus

338 3099 346 3128 t
454 3057 524 3147 est,
540 3058 650 3130 acrius
668 3058 705 3134 in
721 3058 832 3134 causas
857 3057 950 3132 dilati
970 3058 1120 3133 fervoris
1134 3062 1341 3136 incumbant.
1356 3061 1422 3135 Sed

453 3169 505 3242 his
521 3170 683 3246 armentis
703 3171 818 3247 hieme
832 3172 1001 3247 maritima
1016 3176 1054 3250 δι
1071 3174 1185 3271 aprica
1198 3175 1297 3265 loca,
1314 3174 1427 3247 aestate

454 3305 563 3378 opaca
585 3307 740 3379 paremus
755 3309 795 3359 ac
818 3284 961 3384 frigida,
974 3305 1139 3361 montana
1159 3288 1327 3360 maxime:
1345 3289 1425 3386 quia

455 3392 576 3467 melius
595 3392 745 3485 frutetis,
759 3397 798 3470 &
811 3395 986 3490 bisherba
1004 3397 1252 3473 internascente
1274 3400 1429 3476 saturati-2

454 3523 520 3578 tur.
533 3506 692 3601 quamvis
706 3508 796 3581 circa
808 3506 937 3581 fluvios
952 3512 1046 3584 telle
1061 3529 1203 3608 propter
1221 3535 1357 3583 amoena
1368 3509 1426 3580 lo·
1451 3584 1454 3590 ,

455 3638 494 3687 ca
512 3615 712 3710 pascantur:
728 3615 856 3690 foetura
876 3636 989 3692 tamen
1001 3621 1098 3720 aquis
1119 3621 1347 3718 tepidioribus
1368 3618 1426 3693 ad·

455 3722 614 3817 juvatur,
630 3727 722 3800 uttde
741 3728 847 3824 magis
870 3730 987 3804 utilius
1001 3733 1169 3806 habentur
1182 3788 1193 3820 ,
1208 3733 1266 3804 ubi
1288 3724 1426 3828 pluvia·

411 3872 414 3876 -
457 3834 498 3906 lis
521 3859 608 3932 aqua
632 3856 785 3932 tepentes
814 3840 940 3912 format
971 3842 1117 3915 lacunas.
1141 3845 1283 3916 Tolerat
1311 3859 1426 3913 tamen

359 3949 363 3958 '
459 3942 563 4042 frigus
584 3945 654 4020 hoc
677 3946 822 4019 armenti
845 3972 971 4045 genus,
990 3953 1028 4022 &
1051 3952 1163 4047 potest
1187 3950 1287 4023 facile
1309 3948 1427 4020 hibera

338 4069 344 4075 ‘
460 4076 538 4125 nare
552 4055 613 4129 sub
627 4057 707 4128 dio:
723 4056 846 4153 quibus
862 4076 976 4129 tamen
994 4058 1095 4155 saepta
1107 4060 1199 4145 fieri,
1219 4074 1358 4155 propter
1370 4056 1429 4128 in·'

460 4159 578 4253 iuriam
592 4164 808 4263 gravidarum
821 4220 834 4254 ,
845 4164 1013 4240 convenit
1028 4166 1172 4241 laxiora.
1188 4163 1324 4237 Stabula
1338 4187 1426 4238 vero

460 4272 555 4345 utilia
582 4275 657 4350 suut
675 4275 776 4348 llrata
790 4275 892 4368 saxo,
907 4295 966 4350 aut
991 4277 1131 4375 glareis,
1143 4292 1202 4348 aut
1222 4274 1354 4363 arenis,
1367 4274 1427 4349 de·

460 4404 547 4456 vexa
566 4385 802 4485 aliquatenus,
815 4377 857 4462 'ut
875 4390 1001 4461 humor
1016 4389 1118 4487 poffir
1133 4384 1237 4476 elabi,
1251 4387 1338 4482 parti
1352 4410 1422 4459 me·
