3875 5759
411 891 414 906 ,
471 842 543 940 456
617 819 907 911 clncrrrt
944 783 1293 907 urnrrnrrs

473 998 636 1097 spiravit,
658 1016 755 1071 terrae
778 997 1049 1083 malum,ovum
1073 995 1211 1067 crudum
1241 993 1456 1090 &adipem
1526 1069 1528 1088 ¹

475 1109 633 1196 suillum,
657 1110 695 1180 &
715 1106 832 1183 vinum
853 1123 972 1194 vetus,
989 1104 1119 1198 adipem
1143 1122 1255 1175 tamen
1285 1104 1395 1198 prius
1413 1105 1459 1176 li·
1526 1131 1528 1174 ;

477 1201 651 1314 quefacito
669 1217 706 1287 δι
720 1211 952 1305 dato,juvat;
972 1213 1028 1284 vel
1051 1203 1254 1283 marrubium
1281 1236 1374 1284 curn
1401 1213 1461 1285 vi·
1526 1273 1528 1286 .

479 1315 529 1400 no
544 1328 649 1399 datur.
668 1326 701 1394 Si
716 1326 778 1396 bos
793 1324 920 1396 collum
936 1322 1150 1411 subtorserit,
1164 1322 1270 1394 ebulo
1285 1324 1460 1395 contrito

480 1433 700 1534 perunguitur
713 1486 724 1521 ,
739 1433 823 1528 saepe
847 1433 902 1503 vel
917 1434 1095 1505 medullam
1116 1432 1270 1520 taurina,
1285 1433 1396 1528 prius
1410 1452 1462 1507 ta·

480 1569 558 1618 rnen
578 1541 754 1639 axungiam
780 1541 972 1637 perfricato.
994 1542 1028 1612 Si
1051 1541 1086 1612 in
1114 1539 1244 1613 collum
1266 1539 1386 1613 nervi
1412 1540 1463 1614 la·
1526 1607 1528 1628 ,

459 1648 707 1737 boraverint,
733 1647 855 1720 sumito
880 1647 1041 1722 corticem
1069 1672 1196 1720 novam
1224 1648 1268 1720 de
1298 1649 1462 1742 subero,

482 1749 757 1847 comburito,'ur
767 1759 931 1830 carbones
944 1754 1042 1845 siant,
1057 1761 1095 1831 δι
1109 1757 1209 1829 terito
1221 1781 1265 1828 ex
1282 1757 1386 1843 vino
1405 1786 1463 1832 ve·

483 1865 546 1938 teri
566 1869 604 1941 δι
625 1866 765 1964 axungia
788 1867 875 1938 bene
892 1866 979 1938 inter
993 1866 1024 1939 se
1043 1868 1233 1939 commixto
1259 1869 1304 1940 δι
1331 1867 1463 1963 perfri-

484 1997 584 2066 cato,
603 1977 635 2050 ei
653 1977 748 2052 collo
763 1976 822 2073 pili
842 1978 962 2072 saepius
975 1976 1143 2076 defluunt.
1160 1976 1255 2051 Ulmi
1270 1978 1463 2052 vernaculi

486 2084 635 2174 radicem
664 2109 707 2156 ex
727 2084 817 2163 vino
836 2082 1039 2181 decoquitur
1063 2086 1103 2155 ad
1123 2082 1262 2173 tertias,
1288 2084 1334 2157 δι
1359 2110 1464 2173 eum,

487 2220 566 2268 curn
586 2218 674 2290 opus
695 2219 766 2267 non
781 2193 899 2282 saciet,
915 2194 1033 2290 saepius
1049 2192 1256 2291 perunguito
1269 2248 1287 2282 ,
1303 2195 1368 2270 vel
1392 2194 1465 2268 adi-

488 2332 566 2404 pem
579 2304 746 2392 ursinam,
759 2304 816 2376 vel
829 2304 1006 2378 medullam
1021 2308 1186 2377 taurinam
1202 2358 1214 2391 ,
1230 2306 1333 2399 prius
1348 2325 1464 2381 tamen

488 2415 632 2514 axungia
655 2413 848 2512 perfricato.
869 2417 903 2486 Si
921 2416 1007 2486 bovi
1027 2415 1181 2487 inreslina
1198 2416 1396 2511 dolebunt,
1413 2420 1466 2492 su·

490 2524 578 2599 mito
596 2524 670 2597 vini
682 2521 760 2595 sext.
780 2546 847 2614 111,
860 2527 898 2600 δι
916 2523 984 2596 olei
996 2523 1095 2595 emin.
1116 2525 1154 2597 δι
1172 2526 1390 2619 permixtum
1408 2553 1465 2625 per

492 2658 639 2708 cornum
666 2635 704 2707 δι
724 2655 837 2724 curat,
857 2634 1101 2706 remediabitur.
1127 2634 1209 2705 Item
1240 2635 1348 2709 aliud.
1379 2638 1464 2734 Salis

491 2771 661 2843 pugnum,
673 2747 710 2818 &
726 2769 818 2840 cepae
832 2745 939 2840 capita
953 2766 1003 2833 x,
1018 2743 1138 2839 pariter
1149 2747 1331 2819 conterito
1346 2737 1416 2844 fi&
1431 2747 1463 2820 ln

494 2856 572 2927 offa:
594 2854 733 2926 modum
750 2853 899 2942 reficito,
920 2879 992 2925 eam
1017 2853 1052 2924 in
1071 2877 1171 2924 anum
1189 2854 1293 2926 bobis
1314 2855 1464 2947 inicito,

398 3014 400 3019 ,
494 2965 533 3037 δι
548 2962 602 3035 fac
616 2987 692 3034 eum
711 2988 802 3035 arare
816 2962 984 3035 continuo
999 2960 1093 3047 solli,
1107 2961 1144 3031 δι
1159 2958 1253 3032 sanus
1279 2964 1359 3038 erit.
1384 2969 1464 3040 Sca·

494 3072 568 3143 bies
588 3069 686 3141 bobis
707 3095 823 3143 neves.
840 3071 1005 3143 &erbam
1028 3070 1184 3143 srsatrum
1205 3074 1351 3157 cuades,
1368 3077 1411 3149 δι
1423 3102 1465 3149 ex

436 3195 440 3202 '
468 3265 472 3273 ²
496 3205 541 3252 eo
563 3204 665 3274 pecus
688 3180 826 3250 lavabis.
844 3185 892 3250 Et.
906 3207 948 3251 ex
968 3206 1070 3274 aqua,
1085 3184 1120 3252 in
1144 3209 1209 3279 qna
1224 3184 1338 3280 lupini
1362 3187 1465 3259 deco·

496 3289 541 3364 &i
560 3286 706 3377 fuerint,
728 3272 950 3361 nihilominus
976 3289 1113 3365 lavabis.
1140 3294 1254 3367 Bobus
1276 3299 1318 3370 δι
1342 3298 1466 3371 ceteris

498 3396 676 3497 pecoribus
696 3396 836 3471 scabiem
858 3418 895 3469 ut
915 3400 1087 3491 discutias,
1103 3403 1247 3476 intibum
1267 3403 1465 3482 silvaticum

499 3508 709 3585 conteris&
735 3509 928 3606 perunguis.
954 3513 1022 3584 Bos
1050 3532 1107 3585 aut
1125 3516 1249 3586 asinum
1275 3515 1301 3585 sr
1326 3518 1466 3591 eosdem

499 3621 641 3696 morbos
656 3618 859 3707 inciderint,
877 3621 998 3695 sumito
1022 3624 1111 3697 scilla
1129 3643 1185 3695 aut
1199 3627 1351 3699 'rumnisa
1378 3630 1468 3702 radi-

499 3756 595 3818 cem,
612 3728 645 3800 id
664 3730 730 3817 ert,
745 3730 868 3825 spinam
880 3733 987 3805 albam
1002 3758 1100 3830 quarn
1117 3732 1359 3824 tenerrimam,
1379 3742 1420 3812 δι
1435 3739 1467 3812 in

367 3867 371 3882 ·
418 3910 420 3914 ,
500 3864 620 3935 aquam
635 3837 818 3916 infundito.
832 3842 883 3911 Ex
897 3867 964 3937 qua
982 3866 1039 3937 per
1052 3842 1123 3929 dies
1135 3846 1403 3938 quatuordecim
1421 3835 1469 3920 bi·

499 3948 566 4022 bat.
586 3951 687 4022 Unde
707 3952 1003 4046 expurgabuntur,
1026 3955 1062 4027 δι
1089 3952 1207 4025 sanitas
1226 3958 1470 4054 consequitur.

500 4058 669 4131 lrudinem
689 4061 711 4132 sr
730 4063 791 4134 bos
808 4062 1046 4149 devoraverit,
1065 4063 1217 4136 cimicem
1233 4084 1421 4159 conteres,
1435 4073 1473 4144 δι

500 4169 544 4239 ad
567 4193 663 4242 nares
678 4170 748 4262 ejus
763 4173 982 4259 admovebis,
998 4172 1104 4243 {latim
1125 4171 1236 4244 eicies.
1251 4174 1322 4249 Bos
1345 4178 1372 4249 sr
1398 4206 1472 4253 non

499 4278 662 4379 rumigat,
677 4281 782 4357 salicis
795 4281 878 4357 folia
890 4302 947 4358 aut
963 4281 1123 4357 corticem
1137 4279 1209 4379 ejus
1227 4282 1471 4365 viridissimam
