3875 5759
544 927 1409 1009 '68PALLAD11RUT1L11

545 1095 642 1167 unius
663 1093 773 1165 semen
798 1092 962 1189 implebit.
991 1094 1070 1165 Hoc
1082 1092 1187 1193 'etiam
1208 1090 1319 1171 mense
1339 1090 1506 1163 cicercula

543 1204 682 1288 seritur,
700 1203 782 1274 loco
797 1205 834 1275 &
851 1203 978 1290 modo,
994 1225 1065 1297 quo
1082 1219 1159 1272 ante
1172 1197 1335 1293 descripsi.

589 1317 635 1384 V.
657 1314 736 1385 Hoc
753 1311 863 1383 mense
883 1311 1005 1384 ultimo
1020 1312 1208 1383 cannabum
1224 1308 1307 1380 seres
1322 1327 1409 1378 tetra
1424 1305 1504 1399 pin-·

541 1422 622 1519 gui,
638 1420 836 1505 stercorata,·
850 1419 963 1516 rigua,
980 1419 1036 1489 vel
1051 1418 1169 1512 plana,
1186 1419 1286 1512 aitque
1299 1414 1454 1500 humida,
1466 1419 1504 1488 bc

432 1575 434 1586 ·
541 1531 647 1606 altius¹
667 1529 804 1601 subasla.
832 1533 869 1600 ln
893 1552 964 1598 uno
987 1526 1071 1622 pede
1094 1527 1257 1624 quadrato
1280 1524 1336 1597 sex
1357 1525 1504 1619 ejusdem

469 1649 471 1654 ’
539 1640 674 1713 seminis
692 1665 793 1736 grana
810 1657 996 1734 ponuntur.
1081 1707 1084 1712 ,
1180 1732 1183 1740 ¹

475 1771 477 1777 ·
590 1752 649 1819 Vl.
669 1753 770 1821 Nunc
785 1774 881 1847 ager,
902 1747 960 1843 qui
976 1762 1173 1841 accepturus
1188 1744 1233 1816 est
1251 1742 1417 1815 Medicam
1436 1743 1503 1835 (de

540 1855 637 1952 cujus
653 1876 788 1945 natura,
803 1883 889 1929 cnm·
901 1856 964 1927 erit
979 1854 1133 1943 serenda,
1147 1854 1315 1945 dicemus)
1330 1854 1501 1925 iterandus

540 1968 610 2056 est,
624 1970 681 2054 δι,
697 1967 845 2064 purgatis
857 1965 1045 2060 lapidibus,
1063 1964 1239 2062 diligenter
1254 1961 1434 2036 occandus.
1458 1961 1502 2035 Et

540 2072 628 2145 circa
648 2072 783 2142 Martias
806 2072 949 2168 Kalend.
964 2070 1099 2140 subaoo
1117 2071 1202 2141 ficut
1220 2069 1256 2139 in
1276 2065 1501 2157 hortis'solo‚

539 2180 651 2252 forma
742 2181 815 2249 sunt
830 2203 916 2249 ateae
929 2180 1004 2248 lata
1016 2178 1156 2272 pedibus
1172 2199 1215 2265 x,
1233 2178 1345 2274 longae
1361 2178 1501 2272 pedibus

537 2182 782 2386 quinqffitrta
794 2342 805 2373 ‚
819 2288 864 2357 ita
884 2308 921 2356 ut
941 2286 989 2356 eis
999 2291 1089 2380 aqua
1109 2287 1333 2378 ministretur,
1349 2293 1385 2361 bc
1403 2288 1501 2361 facile

538 2399 665 2495 possint
679 2424 719 2469 ex
737 2416 878 2491 utraque
897 2413 989 2490 parte
1009 2395 1154 2468 runcari.
1171 2398 1271 2469 Tunc
1292 2397 1416 2491 injeslo
1437 2425 1500 2470 an·

538 2509 638 2604 tiquo
660 2507 806 2579 stercore
824 2507 860 2578 in
875 2504 1025 2601 Aprilem
1043 2504 1189 2577 mensem
1210 2506 1421 2583 reserventur
1439 2533 1502 2606 pag,
1613 2574 1615 2581 .

536 2636 629 2690 ratae.

588 2731 661 2802 vll.
683 2729 761 2801 Hoc
781 2727 893 2800 mense
912 2743 991 2801 toto
1014 2752 1135 2801 ervum
1158 2726 1266 2800 adhuc
1286 2727 1347 2799 seri
1371 2727 1500 2824 potesl3

536 2840 617 2938 quia
632 2837 949 2910 Martiosetendum
970 2862 1042 2909 non
1057 2835 1123 2921 e'st,
1137 2861 1179 2910 ne
1200 2836 1291 2932 pastu
1312 2836 1373 2909 suo
1392 2861 1499 2933 peco·
1531 2931 1534 2936 ὁ

535 2953 630 3024 ribus
645 2967 784 3034 noceat,
798 2952 836 3020 &
848 2950 956 3018 boves
969 2947 1082 3019 reddat
1094 2948 1239 3022 insanos.

585 3061 674 3129 Vlll.
698 3058 800 3128 Nunc
819 3057 930 3151 pomis
948 3053 987 3129 &
1008 3057 1134 3130 vitibus
1158 3081 1258 3132 vetus
1281 3060 1376 3131 urina
1401 3057 1498 3128 stas·

518 3203 521 3209 ·
536 3166 713 3253 fundatur,
725 3167 763 3239 δι
787 3190 932 3238 numero
948 3166 1115 3240 fruduum
1132 3169 1280 3267 praestat,
1293 3171 1330 3241 &
1351 3169 1498 3239 fotmae:

537 3278 593 3350 cui
609 3276 762 3373 proderit
782 3296 820 3349 ut
839 3303 1007 3351 amurcam
1029 3280 1221 3392 misceamus
1240 3277 1410 3356 insulsam,
1423 3304 1499 3349 ma·
1575 3318 1578 3327 ·

535 3387 628 3458 xime
650 3387 686 3458 in
702 3386 786 3458 oleis
803 3414 813 3459 ε
833 3386 888 3476 sed
903 3386 971 3459 hoc
992 3386 1221 3486 frigidioribus
1244 3387 1381 3476 diebus,
1399 3405 1499 3462 antes
1611 3403 1614 3410 '

535 3520 637 3590 quam
658 3494 775 3567 fervor
797 3495 946 3591 incipiat.
969 3497 1190 3571 Etiamnunc
1213 3497 1353 3568 ordeum
1378 3494 1498 3593 galati-

535 3631 640 3694 cum,
665 3607 759 3703 quod
784 3609 946 3705 grave&
971 3610 1148 3680 candidum
1170 3608 1236 3695 cll,
1257 3607 1382 3681 seretur
1408 3608 1496 3679 locis

533 3716 673 3813 frigidis,
686 3703 775 3791 circ‘a
794 3718 928 3789 Martias
949 3718 1128 3792 Kalendas.
1183 3778 1201 3804 ,

585 3826 647 3896 lX.
668 3828 747 3897 Hoc
767 3824 879 3896 mense
894 3826 1009 3897 omnia
1028 3850 1147 3923 genera
1167 3823 1321 3920 pastinari
1344 3824 1423 3910 soli,
1437 3823 1496 3897 scu

532 3935 704 4023 sulci,seu
720 3934 874 4023 scrobes,
892 3934 1018 4006 vitibus
1030 3936 1275 4029 compleantur.
1292 3938 1417 4004 Natura
1432 3960 1495 4004 au-

532 4049 601 4115 tem
617 4044 698 4117 vitis
719 4043 842 4115 coelum
868 4068 970 4115 omne
989 4042 1166 4137 solumque
1191 4042 1365 4128 sustentat,
1388 4043 1411 4110 sr
1438 4069 1496 4138 ge·
1535 4066 1538 4072 ·

531 4178 615 4232 ¹neta
633 4153 880 4228 convenienter
897 4169 1062 4249 aptentur.
1082 4154 1188 4224 Plano
1205 4155 1305 4248 igitur
1326 4154 1407 4223 loco
1434 4157 1495 4225 sla·

533 4281 607 4338 tues
624 4264 751 4365 vitem,
766 4264 861 4358 cujus
873 4290 976 4361 genus
991 4263 1129 4335 nebulas
1141 4264 1273 4335 sustinet
1288 4265 1326 4334 δι
1339 4264 1497 4357 pruinas5
1541 4332 1549 4348 ,

533 4370 698 4465 collibus,
714 4374 810 4474 quod
828 4366 1008 4455 siccitatem
1030 4374 1128 4447 durat
1147 4377 1187 4450 δι
1199 4393 1353 4461 ·vcnros;
1376 4373 1494 4471 pingui
