3875 5759
533 885 1397 1007 mopacsnorrauraau
1491 839 1503 867 ⁰

534 1054 715 1134 velesecuri
735 1056 864 1130 arboris
884 1058 1016 1131 corium
1043 1060 1129 1155 saepe
1155 1059 1385 1155 proscindunt.
1404 1062 1494 1133 Cum

535 1162 620 1235 folia
639 1163 811 1261 incipiunt
830 1171 1018 1261 producere
1039 1168 1118 1257 fici,
1132 1189 1169 1241 ut
1182 1169 1328 1242 frudlum
1349 1170 1493 1242 multum

534 1271 575 1344 δι
594 1270 752 1369 pinguem
775 1273 906 1364 ferant,
920 1278 956 1348 in
976 1278 1148 1373 principio
1167 1279 1325 1375 germinis
1344 1280 1493 1351 cacumi-

534 1404 580 1451 na
601 1381 728 1457 summa
750 1384 955 1472 decutimus,
973 1386 1031 1456 vel
1050 1384 1131 1456 illud
1150 1403 1280 1457 tantum
1306 1409 1494 1473 cacumen,

533 1492 632 1587 quod
651 1518 694 1565 ex
707 1495 839 1568 arboris
852 1497 1029 1602 medietate
1049 1495 1214 1594 procedit
1227 1496 1260 1567 Si
1274 1513 1438 1568 maturam
1452 1494 1495 1565 fis

533 1622 614 1670 cum
637 1600 689 1672 vis
708 1599 889 1675 serotinam
912 1604 1041 1690 tacete,
1057 1600 1256 1698 incipientes
1282 1604 1412 1701 grossos
1435 1605 1497 1675 de·

506 1733 510 1740 ·
535 1725 633 1797 cute,
650 1712 808 1785 cumillis
824 1712 1024 1809 fabaefuetit
1041 1713 1248 1812 magnitudo.
1263 1718 1313 1786 Ut
1328 1712 1411 1786 licus
1424 1714 1496 1786 cito
1517 1723 1521 1727 “
1570 1765 1573 1770 ,

503 1822 506 1830 '
535 1835 703 1906 maturet,
723 1818 825 1894 succo
839 1846 931 1917 cepae
946 1822 1113 1918 longioris
1128 1845 1205 1895 cum
1225 1823 1358 1893 oleo&
1380 1821 1496 1916 pipere

535 1926 647 2001 mixto
668 1955 757 2028 unge
775 1956 899 2027 poma,
912 1934 1052 2029 quando
1072 1933 1172 2031 groffi
1190 1932 1357 2030 incipiunt
1372 1932 1495 2004 subru-

535 2037 627 2111 bere.
639 2039 747 2134 Aprili
756 2039 867 2113 mense
875 2039 977 2114 ficum
987 2043 1146 2117 debemus
1161 2041 1303 2115 inserere
1316 2041 1404 2112 inter
1414 2064 1495 2111 cor·

418 2188 420 2193 ·
535 2145 661 2222 ticem:
684 2150 742 2221 vel
764 2150 788 2221 fi
810 2150 957 2225 novellae
982 2152 1120 2224 arbores
1147 2151 1249 2242 sunt,
1270 2149 1345 2224 fillo
1370 2150 1497 2249 lign0,

425 2277 428 2282 '
535 2261 633 2357 quod
652 2258 760 2364 statim
777 2262 1000 2357 operiendum
1015 2247 1061 2334 est
1076 2264 1114 2337 δι
1135 2261 1386 2369 ligandum,ne
1408 2286 1496 2341 ven-

536 2369 591 2440 tlrs
611 2368 770 2443 introeat.
788 2370 913 2442 Melius
932 2372 1251 2465 comprehendunt,
1272 2372 1296 2443 st
1316 2370 1405 2444 circa
1426 2388 1497 2443 ter·

536 2500 609 2551 tam
622 2478 726 2554 recisa
738 2479 923 2556 inserantur
936 2480 1077 2554 arbusta.
1089 2481 1206 2578 Aliqui
1221 2484 1258 2555 δι
1270 2481 1371 2555 lunio
1385 2480 1499 2554 mense

534 2588 703 2666 inserunt.
719 2593 1060 2690 Surculuslegendus
1078 2592 1124 2665 est
1146 2591 1346 2664 anniculus:
1366 2589 1498 2663 inutilis

535 2697 629 2775 enim
650 2701 799 2775 creditur
810 2698 949 2793 majoris
964 2701 1019 2777 vel
1034 2699 1177 2771 minoris
1190 2698 1306 2772 aetatis.
1326 2696 1496 2772 lnoculari

532 2806 620 2883 ficus
638 2808 725 2885 locis
743 2810 836 2886 siccis
855 2809 989 2906 Aprili,
1008 2810 1152 2882 humidis
1169 2808 1288 2882 melius
1305 2807 1407 2881 lunio
1427 2832 1497 2879 me-

534 2918 650 2991 diante
669 2920 816 3015 poterit,
836 2920 982 2991 Odobri
996 2918 1107 2990 mense
1123 2917 1210 2993 locis
1222 2916 1353 3014 tepidis.
1367 2917 1497 3012 Propa-

354 3097 362 3104 .
441 3078 446 3086 -
534 3026 606 3124 gari
619 3025 704 3101 licus
718 3029 817 3100 ramis
836 3028 955 3122 potest.
967 3025 1126 3099 inseritur·
1138 3048 1249 3101 autem
1263 3026 1298 3098 in
1314 3026 1496 3121 caprifico,

535 3136 573 3210 in
595 3159 714 3223 mor0,
736 3136 772 3225 iu
781 3136 952 3231 platano,
974 3136 1011 3206 δι
1032 3135 1214 3225 oculis,&
1234 3133 1380 3207 surculis.
1396 3134 1494 3234 Ficus

368 3322 371 3329 ,
428 3319 431 3323 ,
535 3245 666 3342 virides
680 3245 808 3321 servari
828 3246 962 3341 poliunt
983 3245 1040 3316 vel
1062 3245 1097 3317 in
1119 3244 1217 3317 melle
1236 3241 1425 3328 ordinate,
1449 3265 1494 3313 ne

534 3343 738 3429 seinvicem
759 3373 922 3451 tangant,
940 3354 996 3427 vel
1011 3356 1146 3453 singulae
1165 3352 1252 3436 intra
1271 3349 1414 3423 viridem
1431 3377 1494 3423 cu-

532 3462 700 3539 curbitam
726 3462 862 3546 clausae,
876 3464 963 3538 locis
986 3465 1169 3561 unicuique
1188 3459 1334 3551 cavatis,
1349 3463 1386 3536 &
1412 3460 1495 3534 item

521 3557 670 3661 resera,
689 3598 767 3670 quae
780 3573 927 3665 secatur,
943 3574 1097 3665 inclusis,
1112 3571 1262 3669 suspensa
1276 3595 1314 3644 ea
1333 3573 1495 3652 cucurbi-

475 3681 478 3687 “
531 3698 590 3773 ta,
604 3680 664 3753 ubi
681 3706 753 3756 non
773 3681 812 3755 [ιι
832 3683 993 3782 ignis'vel
1007 3683 1127 3759 sumus.
1139 3680 1207 3754 Alii
1220 3681 1330 3756 missas
1345 3681 1429 3756 ficus
1443 3708 1494 3753 re·

531 3812 669 3881 centes,
682 3793 794 3868 minus
809 3814 981 3886 maturas,
1001 3793 1038 3867 in
1061 3815 1164 3873 novo
1181 3789 1261 3870 vase
1281 3791 1375 3865 fidili
1395 3793 1494 3865 ledas

531 3930 611 3981 cum
634 3904 817 4001 pediculis,
831 3906 869 3978 δι
887 3931 906 3978 a
925 3905 958 3978 se
981 3894 1143 4001 separatas
1165 3902 1371 3992 recludunt,
1394 3904 1431 3975 δι
1456 3904 1493 3975 in

532 4012 631 4087 dolio
646 4013 721 4086 vini
735 4013 839 4108 pleno
850 4038 910 4087 vas
920 4034 1033 4086 natare
1047 4012 1254 4107 permittunt.
1268 4009 1429 4083 Martialis
1442 4010 1493 4081 di·

531 4120 601 4210 cit,
615 4119 833 4217 Caricasper
854 4147 974 4218 genera
998 4122 1102 4195 multa
1127 4121 1276 4211 servari,
1300 4144 1376 4194 cum
1402 4119 1492 4193 ratio

531 4254 599 4301 una
612 4228 763 4309 sufficiat.
785 4232 876 4334 llrgo
890 4229 959 4303 hoc
975 4253 1118 4328 genere,
1134 4254 1203 4331 quo
1218 4220 1404 4322 Campania
1418 4246 1491 4299 tota
1519 4322 1522 4327 ¹

534 4337 702 4434 custodit,
718 4338 852 4420 servate
870 4340 1042 4432 debemus.
1054 4338 1090 4415 in
1105 4341 1252 4419 cratibus
1267 4336 1351 4415 ficus
1362 4361 1491 4437 expan-
