3875 5759
403 831 452 858 '¹
551 882 620 982 n2
720 885 1350 962 vacaT11c1n1n

549 1070 628 1135 res,
643 1049 680 1122 δι
700 1069 775 1120 cum
796 1045 877 1116 oleo
891 1045 1044 1143 vinoque
1059 1047 1224 1144 tepesadlo
1238 1073 1299 1146 per
1313 1068 1423 1123 cornu
1439 1046 1510 1124 fau·

550 1155 648 1230 cibus
669 1155 806 1252 digeres.
826 1153 989 1226 Praeterea
1003 1156 1160 1255 thymum
1180 1157 1360 1231 silvestrem
1375 1164 1411 1234 dc
1426 1179 1514 1233 etar-

550 1266 642 1362 gium
669 1263 704 1335 in
728 1261 812 1334 vino
834 1262 1029 1360 decoques,
1053 1269 1091 1338 δι
1115 1264 1254 1362 singulas
1277 1268 1427 1341 heminas
1452 1292 1513 1365 per

550 1375 698 1450 triduum
719 1371 822 1444 dabis.
848 1373 1132 1468 Tympaniticum
1155 1377 1227 1450 haec
1255 1378 1345 1477 signa
1369 1381 1515 1452 demon·

551 1486 674 1556 slrant:
691 1479 858 1553 Cibotum
881 1481 1085 1577 bibendique
1098 1483 1282 1575 fastidium,
1296 1489 1440 1586 exiguus
1462 1489 1516 1559 so·

550 1616 650 1666 ninus
662 1608 720 1662 aut
734 1589 856 1664 nullus.
868 1589 902 1663 Si
917 1615 976 1687 per
989 1616 1084 1663 nares
1099 1618 1220 1667 mucos
1235 1598 1404 1691 coeperint
1417 1596 1517 1670 emit·
1589 1681 1592 1688 ¹

551 1717 642 1788 tere,
659 1698 898 1796 desperandum
911 1699 982 1772 elle
1003 1700 1025 1772 fi
1043 1701 1183 1772 mundas
1193 1723 1294 1773 nares
1312 1704 1518 1792 habuerint,
1589 1717 1592 1724 '

550 1809 614 1882 hac
631 1809 763 1882 ratione
782 1809 936 1885 curabis:
956 1811 1153 1882 cremorem
1174 1810 1309 1903 ptisana
1331 1813 1519 1886 &defruti

551 1921 655 1996 binos
675 1921 821 2020 cyathos
838 1919 1060 2017 pertriduum
1082 1919 1174 1991 dabis
1188 1918 1331 2015 tepidos.
1349 1917 1522 1994 Praeterea

553 2031 691 2132 hyssopi
708 2031 824 2104 uncias
848 2048 997 2127 quatuor
1011 2083 1024 2120 ,
1040 2028 1109 2101 allii
1135 2030 1253 2102 viridis
1276 2056 1410 2102 manum
1440 2032 1524 2125 ple·

554 2167 653 2232 nam,
669 2140 796 2237 palmas
818 2162 962 2212 numero
987 2137 1135 2235 viginti-5
1156 2138 1345 2234 foenigtaeci
1370 2142 1524 2237 cyathos

555 2246 997 2346 sex‚aquam'cillerninam
1016 2248 1054 2319 sic
1075 2246 1196 2319 vinum
1213 2248 1393 2318 odoratum
1419 2270 1522 2322 vetus

555 2358 681 2456 pariter
700 2355 835 2442 misces,
856 2354 1102 2452 diligentissime
1122 2356 1312 2454 decoques·‚
1333 2361 1371 2432 δι
1395 2356 1432 2428 in
1453 2383 1521 2456 po·

556 2468 685 2543 tionem
710 2489 770 2561 per
793 2463 942 2536 triduum
964 2465 1067 2538 dabis.

606 2577 765 2648 XXVlll.
784 2572 917 2645 Lienofi
939 2593 977 2645 ut
1002 2570 1212 2646 manifestum
1233 2571 1279 2647 est
1304 2574 1518 2671 periculum,

558 2688 603 2762 ita
622 2683 792 2758 manifesla
810 2683 886 2757 sunt
904 2682 1004 2780 signa.
1023 2707 1100 2754 nam
1122 2683 1218 2760 oculi
1239 2683 1458 2756 invertuntur
1482 2685 1520 2757 δι

559 2796 671 2874 suffusi
683 2795 757 2869 sum
776 2793 952 2893 sanguine,
973 2792 1099 2866 tardius
1112 2794 1303 2881 ambulant,
1319 2797 1446 2870 collum
1460 2795 1519 2865 ha·

558 2908 641 2980 bent
653 2902 882 2989 extensum‚&
895 2899 932 2973 sit
946 2902 1092 2976 deterius
1104 2905 1142 2978 δι
1151 2903 1300 3000 rigidius.
1313 2906 1401 2996 Quae
1416 2904 1520 3000 pallio

558 3012 764 3110 principium
784 3009 910 3082 indicat
935 3012 1118 3098 roborosi,
1142 3035 1289 3109 quornm
1308 3014 1408 3086 latera
1428 3015 1521 3084 intu-

559 3121 733 3206 mescunt,
749 3121 820 3191 five
844 3119 992 3194 cervicis
1014 3122 1122 3194 media
1146 3122 1238 3219 spina
1266 3127 1307 3216 ad
1331 3124 1522 3197 similitudi·

560 3252 638 3299 nem
652 3226 741 3298 alvei
755 3226 794 3300 fit
805 3251 979 3314 concava,
992 3228 1242 3327 adstringuntur
1258 3234 1438 3329 aliquando
1452 3258 1523 3304 ma·

560 3336 676 3421 xillae,
689 3336 783 3433 quod
803 3335 925 3408 vitium
947 3336 1126 3410 consuevit
1148 3338 1264 3413 inferri
1278 3367 1317 3413 ex
1331 3339 1430 3412 nimia
1444 3365 1520 3435 per·

563 3446 746 3538 scissione,
767 3471 844 3520 cum
867 3443 1019 3519 animalis
1039 3447 1176 3521 dorsum
1205 3469 1263 3521 aut
1291 3447 1437 3547 frigore,
1461 3467 1524 3522 aut

563 3555 705 3650 pluvia,
728 3577 783 3627 aut
802 3554 962 3652 grandine
988 3557 1150 3646 caeditur,
1166 3577 1223 3629 aut
1244 3558 1389 3635 nivibus.
1415 3557 1525 3653 Cujus

561 3659 623 3734 illa
639 3658 769 3732 curatio
793 3661 848 3731 esl.
872 3663 928 3732 De
946 3662 1050 3733 cauda
1072 3687 1189 3756 parum
1212 3663 1382 3759 sanguinis
1407 3662 1524 3736 demis.

563 3793 643 3840 nam
665 3766 847 3863 siamplius
868 3768 1013 3859 tuleris,
1033 3768 1223 3865 infrigescet
1246 3774 1282 3843 δι
1305 3759 1409 3869 rigori
1432 3772 1526 3843 addi·

563 3894 619 3949 tur
640 3879 733 3974 rigor
747 3930 758 3967 ‚
772 3878 933 3950 admisces
956 3879 990 3949 in
1015 3903 1090 3950 euni
1110 3905 1240 3950 merum
1265 3882 1303 3952 &
1323 3881 1464 3968 oleum,
1486 3883 1526 3954 &

564 3988 761 4077 calefacies,
779 3990 816 4061 dc
838 3987 943 4060 statim
965 3988 1028 4060 hac
1049 3987 1183 4059 dorsum
1199 3991 1238 4061 ὃ(
1260 3990 1429 4061 cervicem
1449 4015 1527 4087 per·

565 4086 690 4196 unges,
708 4095 884 4171 saccellum
908 4120 1045 4193 quoque
1072 4120 1113 4166 ex
1139 4094 1270 4168 furfure
1293 4097 1442 4168 calidum
1465 4099 1527 4170 im·

565 4231 697 4303 pones,
717 4224 754 4278 ut
769 4223 877 4278 totam
899 4206 1025 4301 spinam
1048 4223 1163 4277 tenere
1187 4206 1286 4301 poffit
1311 4208 1348 4278 δι
1378 4207 1527 4281 lumbos.

567 4317 669 4390 altera
687 4315 740 4392 die
754 4313 941 4413 extergebis
964 4313 1158 4412 diligenter,
1175 4317 1212 4389 δι
1229 4315 1387 4392 unslione
1411 4320 1528 4391 eadem
