3875 5759
494 907 497 911 '
559 867 705 978 'rin
754 905 823 977 tv.
873 900 1238 995 uterium
1338 928 1403 997 ιη

437 1068 612 1143 cat.‘Sttnt
636 1065 706 1159 ejus
738 1065 946 1161 incrementa
972 1066 1160 1141 tardissima.
1185 1084 1273 1144 amat
1293 1067 1406 1165 putari

436 1198 540 1279 atque
559 1175 787 1266 circumfodi,
803 1169 960 1272 &parco
975 1176 1120 1250 humore
1138 1178 1226 1251 inter
1242 1178 1406 1252 siccitates

433 1291 523 1387 saepe
544 1287 707 1361 refoveri.
729 1286 859 1362 Seritur
875 1291 911 1360 δι
926 1285 1071 1376 semine,
1084 1287 1139 1359 fed
1156 1286 1192 1359 in
1211 1288 1405 1387 longiorem

432 1399 586 1497 speratur
599 1417 743 1471 aetatem.
757 1398 791 1470 Si
811 1398 1189 1493 vermibusoccupatur
1201 1450 1211 1483 ,
1224 1398 1299 1473 llilo
1311 1424 1405 1473 aereo

433 1506 601 1604 purgandi
617 1505 715 1594 sunt,
731 1506 768 1578 δι
789 1529 942 1590 amurca,
963 1504 1021 1576 vel
1041 1504 1189 1577 humana
1200 1523 1313 1580 vetere
1330 1507 1402 1578 uri·

434 1642 479 1690 na
487 1670 499 1707 ,
513 1617 571 1689 vel
586 1615 671 1689 viva
684 1614 775 1687 calce
789 1612 1033 1709 perfundendi,
1047 1615 1103 1687 fed
1116 1614 1248 1711 parcius
1261 1637 1406 1713 propter
1445 1632 1447 1635 ⁴

433 1726 565 1798 arboris
580 1750 730 1810 noxam,
745 1724 804 1795 vel
824 1747 910 1820 aqua
926 1724 1059 1796 decoui
1077 1724 1195 1821 lupini.
1213 1726 1247 1798 si
1265 1744 1403 1823 putatur
1488 1811 1491 1814 ,

432 1835 515 1908 hinc
529 1835 637 1907 arbor
648 1832 770 1906 sterilis
785 1829 882 1919 fieri,
896 1830 994 1904 fimus
1014 1835 1051 1905 δι
1066 1833 1156 1908 cinis.
1169 1834 1289 1908 vitium
1304 1836 1402 1910 simul

431 1944 458 2017 si
477 1945 643 2028 radicibus
664 1941 905 2048 infundantur,
929 1942 1073 2015 fertilem
1092 1946 1247 2020 reddunt.
1272 1948 1307 2020 si
1327 1948 1401 2021 fot-
1496 2031 1499 2036 ,

376 2123 379 2129 .
431 2055 538 2129 mica
555 2052 705 2126 molestae
729 2052 824 2135 sunt,
848 2050 981 2125 rubrica
1002 2076 1078 2126 cum
1100 2074 1198 2130 aceto
1223 2060 1260 2130 &
1285 2058 1401 2132 cinere

432 2183 620 2261 temperata
644 2165 863 2238 necabuntur.
886 2164 919 2235 Si
938 2188 1054 2263 poma·
1065 2166 1241 2258 labuntur,
1258 2168 1401 2243 frustum

433 2276 477 2347 de
490 2273 561 2368 ejus
575 2274 689 2348 radice
697 2274 878 2373 praee'rfum
894 2274 929 2346 in
950 2274 1061 2347 media
1080 2276 1196 2352 trunci·
1206 2298 1300 2375 parte
1314 2278 1399 2379 siga-
1492 2301 1495 2308 ·

432 2404 498 2456 tur.¹
519 2384 680 2457 Inseritur
699 2383 814 2457 mense
828 2384 1013 2467 Februario
1031 2383 1065 2454 in
1087 2382 1121 2457 se
1140 2387 1178 2459 δι
1195 2386 1230 2458 in
1245 2387 1343 2482 piro,
1359 2388 1400 2461 dt

432 2488 474 2566 i'n
488 2494 591 2570 malo.
614 2479 775 2576 furcului,
788 2512 901 2565 tamen
920 2492 991 2587 ejus
1010 2518 1054 2565 ex
1074 2495 1196 2568 arbore
1216 2496 1323 2568 media
1337 2497 1399 2567 de·

432 2606 490 2678 bet
513 2605 652 2680 affirmi:
676 2630 755 2680 nam
777 2606 818 2677 de
842 2604 1091 2679 summitatibus
1116 2606 1264 2680 uitiosus
1279 2606 1335 2679 cll.
1361 2607 1399 2679 in

431 2734 559 2789 trunco
572 2713 651 2789 filio
663 2714 839 2806 inserenda
857 2714 903 2787 est
917 2742 930 2787 ,⁸
944 2740 1020 2786 nam
1043 2714 1187 2788 corticis<
1203 2714 1328 2789 macies
1347 2714 1400 2810 je·

428 2822 512 2919 iuna
540 2823 593 2896 nil
613 2823 749 2896 nutriet.
777 2823 920 2919 Mespila
946 2823 989 2895 ad
1016 2822 1216 2895 servandum
1241 2823 1399 2920 leguntur

408 2969 413 2983 ’
431 2933 581 3008 necdum
593 2932 706 3021 mitia,
721 2936 796 3031 q'uae
811 2936 896 3009 &in
911 2936 1034 3007 arbore
1056 2932 1114 3004 diu
1134 2934 1324 3018 durabunt,
1339 2938 1400 3012 vel
1442 2925 1461 2955 ‘¹

431 3042 469 3116 in
482 3041 628 3116 urceolis
642 3041 758 3139 picatis
767 3100 779 3133 ,
791 3048 851 3120 vel
862 3046 897 3118 in
913 3046 1067 3119 ordinem
1082 3045 1256 3143 suspensa,
1269 3048 1344 3134 vel,
1360 3070 1400 3127 ut

431 3151 586 3250 quidam,
599 3152 701 3250 posca
717 3156 786 3249 [vel
800 3156 895 3252 sapa}
906 3158 1055 3232 condita.
1070 3158 1139 3231 Die
1155 3157 1268 3254 setena
1284 3158 1396 3257 legan-

429 3284 486 3338 tur
507 3291 546 3340 ac
566 3266 697 3356 media,
718 3258 758 3340 bt
780 3268 883 3362 paleis
902 3271 1093 3343 obruantur
1115 3269 1276 3358 discreta,
1296 3295 1397 3361 neca

427 3376 572 3450 vicissim
585 3376 691 3449 tacius
703 3375 837 3451 afficiat.
850 3378 915 3448 Vel
929 3404 1007 3450 cum
1023 3376 1188 3473 pediculis
1202 3377 1284 3450 leda
1300 3375 1398 3447 semi·

427 3501 581 3580 matura,
600 3481 742 3556 &salsa
764 3507 850 3578 aqua
874 3509 933 3578 per
952 3485 1028 3558 dies
1046 3485 1197 3584 quinque
1221 3495 1399 3560 macerata.
1486 3570 1491 3579 .

427 3591 544 3687 postea
566 3589 652 3686 saepe
668 3585 910 3679 infundantur,
927 3611 967 3665 ut
989 3611 1136 3668 enatent.
1151 3596 1335 3667 Servantur
1356 3596 1397 3670 dc

388 3714 390 3717 ’
427 3702 547 3788 melle,
561 3700 615 3773 sed
631 3700 656 3772 sr
675 3701 787 3801 minus
804 3720 938 3775 matura
954 3701 1143 3801 collegeris.
1162 3704 1289 3778 Calidis
1307 3704 1395 3776 locis

426 3810 484 3885 fici
511 3813 627 3911 planta
654 3813 801 3888 radicata
827 3815 1022 3888 Novembri
1045 3815 1179 3904 mense,
1202 3814 1397 3914 temperatis

425 3921 627 4009 Februario,
643 3920 772 4020 frigidis
790 3923 908 3996 melius
922 3923 1049 3996 Martio
1069 3923 1128 3995 vel
1136 3922 1246 4019 Aprili
1258 3946 1394 4019 ponen-

426 4028 468 4099 da
479 4030 525 4100 efl
538 4029 587 4101 :sr
600 4028 719 4101 taleam
734 4030 791 4103 vel
807 4057 967 4123 cacumen
985 4027 1395 4127 ponas3ultim01lprili,
1412 4064 1413 4068 =
1503 4095 1507 4099 .

426 4160 505 4207 cum
519 4136 551 4206 ei
565 4136 597 4207 se
611 4135 886 4213 viridior-succus
900 4137 1071 4213 infuderit.
1084 4139 1211 4211 Plantae
1222 4136 1258 4207 in
1272 4134 1397 4209 scrobe

428 4243 590 4340 deposrtae
608 4246 735 4342 lapides
749 4249 965 4324 substituendi
982 4249 1077 4342 funt,
1092 4252 1134 4323 ad
1151 4248 1296 4322 radicem
1311 4244 1396 4325 fimo

427 4374 516 4428 terra
534 4349 703 4431 miscenda
717 4352 779 4431 est.
797 4356 831 4432 Si
851 4359 928 4435 loca
944 4356 1069 4458 frigida
1086 4355 1186 4443 sunt,
1207 4352 1399 4451 plantarum

1124 4463 1206 4568 Ha
