3875 5759
534 896 604 989 428
703 894 1037 969 vscuTtt
1086 863 1213 967 utu.
1262 896 1325 966 ιν.

533 1055 675 1130 seatium
698 1053 866 1129 descendit
881 1051 974 1125 filum
996 1053 1140 1151 duplex,
1154 1053 1246 1151 quod
1267 1053 1425 1125 continet
1442 1080 1505 1151 pe·

533 1167 591 1239 <les
606 1164 795 1238 duodecim.
811 1164 882 1235 duo
900 1164 996 1235 nervi
1016 1164 1051 1237 io
1077 1165 1211 1237 cervice
1231 1163 1385 1260 palmarii
1409 1191 1503 1239 con·

533 1278 642 1350 tinent
664 1275 763 1372 pedes
778 1293 936 1371 quatuor.
957 1277 1001 1346 ab
1013 1274 1114 1347 armis
1129 1274 1233 1371 usque
1245 1275 1287 1346 ad
1302 1275 1502 1371 geniculum

533 1385 632 1459 nervi
647 1386 727 1455 duo.
741 1409 759 1456 a
771 1384 929 1480 geniculo
944 1385 1049 1480 usque
1062 1386 1104 1457 ad
1121 1385 1211 1457 basin
1226 1385 1321 1467 nervi
1336 1403 1502 1481 quatuor.

531 1498 573 1567 In·
585 1491 755 1588 prioribus
776 1493 850 1563 sunt
869 1493 966 1565 nervi
981 1494 1114 1582 decem,
1127 1493 1162 1565 in
1177 1493 1422 1590 posterioribus
1439 1496 1502 1569 de·

531 1626 616 1675 cem.
635 1626 655 1673 a
673 1601 809 1674 renibus
823 1603 928 1699 usque
943 1604 984 1674 ad
1009 1602 1105 1675 testes
1118 1604 1217 1676 nervi
1232 1622 1390 1700 quatuor.
1409 1602 1501 1682 fiunt

529 1710 566 1783 in
589 1710 621 1783 se
643 1734 763 1783 omnes
784 1713 882 1783 nervi
902 1712 1037 1809 triginta
1060 1731 1218 1808 quatuor.

515 1851 531 1906 χ
577 1825 638 1894 lv.
665 1822 923 1916 Consequenter
942 1847 1104 1894 venarum
1130 1846 1269 1919 quoque
1294 1820 1500 1896 indicandus

529 1929 576 2003 esi
598 1955 768 2003 numerus.
785 1936 821 2002 ln
837 1932 948 2028 palato
966 1955 1062 2004 venae
1080 1931 1155 2001 sunt
1170 1931 1262 2016 duae,
1278 1929 1499 2003 suboculares

529 2037 630 2127 duae,
654 2038 690 2109 in
714 2035 856 2134 pedore
871 2039 970 2133 duae,
995 2039 1036 2109 de
1063 2036 1243 2110 brachiolis
1269 2036 1370 2125 duae,
1392 2038 1497 2109 desub
1608 2121 1611 2128 Ι

529 2148 625 2223 cirris
641 2173 807 2246 quatuor,
829 2151 869 2222 de
891 2150 965 2222 talis
990 2149 1090 2237 duae,
1107 2150 1147 2221 de
1161 2147 1302 2222 coronis
1316 2165 1496 2244 quatuor,
1586 2231 1590 2240 ¹

529 2259 570 2329 de
582 2258 762 2331 feminibus
784 2279 952 2353 quatuor,
965 2258 1006 2330 de
1019 2256 1203 2356 semoribus
1220 2281 1305 2329 vero
1324 2258 1421 2345 duae,
1436 2259 1497 2329 de·

529 2364 589 2438 sub
608 2366 736 2461 gambis
755 2366 853 2455 duae,
873 2368 913 2439 de
936 2365 1103 2437 muscario
1124 2392 1213 2454 una,
1228 2391 1327 2437 venae
1346 2368 1497 2444 matricis
1611 2363 1614 2388 '

528 2475 565 2549 itt
585 2473 777 2548 cervicibus
798 2474 883 2545 duae.
898 2470 983 2544 fiunt
999 2472 1123 2566 pariter
1142 2498 1241 2544 venae
1258 2474 1496 2573 undetriginta.

578 2588 621 2659 V.
641 2586 784 2658 AEtatem
800 2580 1033 2675 jumentorum
1046 2606 1091 2654 ex
1111 2581 1267 2654 dentibus
1292 2582 1432 2680 aliisque
1452 2585 1495 2657 st·

528 2693 602 2792 gnis
630 2711 771 2788 oportet
801 2691 961 2789 agnosci,
988 2716 1031 2763 ne
1057 2691 1116 2785 vel
1142 2707 1294 2764 ementes
1315 2690 1494 2786 imperitiae

528 2807 704 2880 subeamus
725 2802 1009 2894 incommodum,
1038 2804 1095 2876 vel
1120 2823 1274 2877 curantes
1300 2806 1494 2901 aegrotantis

528 2915 721 3013 ignoremus
748 2932 904 2985 aetatem:
932 2912 1010 3011 quia
1035 2913 1119 2987 stcut
1144 2913 1362 3003 hominibus,
1389 2915 1434 2988 ita
1456 2918 1494 2989 δι

527 3019 746 3119 equis,aliud
766 3020 953 3106 convenit,
969 3047 1045 3094 cum
1067 3019 1215 3115 jumenta
1238 3019 1313 3092 sunt
1332 3020 1493 3115 fervida,

527 3131 617 3203 aliud
636 3155 714 3201 cum
738 3129 903 3201 senestute
918 3129 985 3221 jam
1005 3131 1132 3227 frigida.
1146 3129 1358 3203 Manifestum
1372 3131 1420 3204 esi
1432 3159 1494 3204 au·

526 3256 616 3323 tem,
636 3257 733 3309 notas
751 3238 907 3332 corporis
927 3264 1005 3311 cum
1019 3259 1118 3312 aetate
1138 3242 1270 3314 mutari.
1286 3239 1385 3312 Pullis
1397 3243 1495 3315 enim

525 3346 625 3420 bimis
644 3350 682 3421 δι
697 3347 754 3419 sex
770 3348 956 3436 mensium,
976 3350 1079 3424 medii
1098 3352 1212 3427 dentes
1234 3349 1415 3449 superiores
1427 3375 1494 3423 ca-

525 3456 632 3546 dunt,
648 3481 740 3553 quos„
756 3457 912 3530 taetantes
935 3479 1073 3533 vocant.
1098 3487 1174 3535 cum
1200 3477 1309 3536 autent
1331 3479 1493 3557 quartum

524 3589 649 3636 annum
671 3588 768 3660 agere
791 3565 980 3660 coeperint,
995 3568 1228 3643 decidentibus
1253 3569 1327 3658 his,
1341 3569 1402 3667 qui
1430 3596 1492 3644 ca·

524 3672 597 3745 nini
612 3673 839 3767 appellantur,
852 3676 939 3750 alios
952 3677 1155 3775 supponent.
1167 3679 1304 3753 Deinde
1317 3679 1405 3755 intra
1418 3682 1493 3756 sex·¹

525 3802 595 3855 tum
610 3807 736 3858 annum
758 3784 901 3859 molar'es
920 3789 1055 3863 cadunt.
1070 3790 1173 3861 Sexto
1196 3814 1289 3861 anno
1309 3815 1398 3887 quos
1423 3791 1492 3887 pri·

525 3918 585 3966 mo
604 3896 772 3984 mutavit,
797 3916 960 3994 exequat.
983 3896 1135 3993 Septimo
1161 3922 1280 3971 omnes
1307 3901 1492 3996 explentur

440 4010 444 4017 '
525 4004 717 4101 aqualiter,
735 4008 772 4079 δι
794 4032 836 4077 ex
859 4032 902 4080 eo
918 4024 1060 4080 cavatos
1080 4006 1201 4080 habere
1214 4006 1385 4101 incipiunt
1404 4013 1493 4085 den·

524 4132 593 4202 tes,
609 4138 671 4187 nec
690 4112 821 4207 postea,
836 4131 922 4209 quot
935 4135 1105 4186 annorum
1119 4114 1203 4204 fint,
1219 4113 1296 4185 sciri
1320 4117 1363 4187 ad
1385 4116 1491 4192 sidem

526 4221 635 4317 potest
648 4223 740 4315 „nist
757 4222 857 4319 signis
870 4222 962 4310 aliis,
979 4248 1055 4319 quae
1073 4223 1148 4296 usus
1161 4223 1315 4304 edocuiu
1329 4228 1495 4311 ,Decimo

527 4358 671 4433 iramque
687 4358 786 4437 ,anno
804 4352 956 4434 tempora
977 4333 1092 4414 cavari
1112 4332 1301 4435 incipiunt,
1321 4337 1360 4412 δι
1373 4335 1494 4435 super·

717 4581 933 4694 ,4¹
