3875 5759
507 907 559 1007 98
632 885 1379 985 rhrtnurrnurtntt

508 1066 761 1169 qualescunque
787 1064 1024 1164 provenerint.
1051 1066 1189 1142 Femina
1210 1070 1251 1143 ad
1272 1071 1476 1159 creandum,

507 1180 614 1279 usque
634 1177 670 1248 in
692 1201 802 1250 annos
821 1176 949 1274 septem
965 1195 1090 1275 ,partus
1110 1202 1217 1254 onera
1237 1180 1361 1279 gestare
1383 1176 1476 1254 sufli-

361 1320 363 1324 ·
507 1292 602 1367 ciet:
625 1286 667 1360 ad
691 1284 982 1383 concipiendum,
1004 1287 1162 1362 annicula
1190 1289 1291 1363 debet
1315 1290 1476 1386 incipere.
1523 1302 1526 1311 ’

503 1418 630 1499 quarto
653 1413 792 1468 exemto
817 1394 929 1469 mense
949 1396 1112 1492 pariunt,
1136 1396 1196 1469 ubi
1223 1396 1362 1493 quintus
1386 1399 1474 1471 inci·

505 1511 590 1610 piet.
612 1503 782 1601 incipiunt
796 1519 927 1595 aurem,
937 1505 1023 1579 -srcut
1037 1505 1129 1597 dixi,
1142 1504 1254 1578 mense
1268 1506 1473 1602 Februario,

504 1641 546 1695 ut
572 1616 789 1692 solidioribus
814 1614 926 1701 herbis
951 1616 1044 1707 nati,
1065 1619 1105 1693 δι
1130 1618 1249 1715 stipula
1275 1618 1474 1693 succedente

387 1722 419 1751 ²
505 1732 693 1831 pascantur.
719 1727 791 1803 Ubi
813 1727 954 1805 facultas
980 1728 1028 1820 esi
1052 1728 1273 1827 tranbgendi,
1301 1731 1473 1821 venditis,

502 1842 567 1941 qui
580 1838 724 1914 subinde
740 1836 811 1911 nati
825 1836 920 1929 sunt,
933 1836 1079 1937 celerior
1092 1837 1250 1911 matribus
1267 1835 1395 1910 foetura
1413 1863 1471 1909 re·

480 1987 485 2013 ι
502 1970 652 2052 paratur.
670 1950 796 2021 Genus
819 1948 889 2021 hoc
908 1948 1069 2023 omnibus
1087 1945 1174 2021 locis
1196 1947 1311 2021 haberi
1334 1948 1469 2043 potest;

375 2136 377 2140 .
415 2140 418 2146 ,
501 2056 625 2135 ⁴'melius
640 2078 750 2131 tamen
765 2058 854 2155 agris
869 2057 1206 2154 paltrslribus,quam
1222 2056 1334 2147 succis,
1349 2057 1469 2153 praeci-

503 2195 573 2268 pue
589 2168 649 2242 ubi
666 2166 827 2239 arborum
846 2162 1090 2239 srusluosarum
1110 2167 1194 2243 silva
1211 2164 1377 2263 suppetit,
1392 2192 1470 2266 quae

499 2276 645 2352 subinde
662 2273 800 2347 maturis
819 2273 982 2347 fruffibus
996 2276 1125 2349 alterna
1141 2302 1340 2373 perannum
1358 2295 1470 2353 muta·

376 2396 378 2399 ’
499 2390 600 2464 rione
620 2386 804 2459 succurrat.
822 2384 969 2458 maxime
987 2384 1075 2460 locis
1097 2387 1317 2484 graminosus,
1333 2390 1373 2464 ’δι
1386 2415 1468 2463 can·

343 2503 347 2509 ’
500 2511 622 2571 narum
637 2491 798 2599 neljunci
811 2491 924 2566 radice
938 2491 1141 2569 nutriuntur.
1155 2497 1218 2570 Sed
1232 2496 1467 2573 deficientibus
1520 2537 1527 2554 ι

498 2605 669 2682 alimentis
682 2628 741 2701 per
753 2603 919 2693 hiemem,
933 2628 1180 2703 nonnunquam
1198 2607 1379 2704 prebenda
1391 2607 1468 2683 sunt

499 2712 622 2811 pabula
644 2709 791 2808 glandis,
806 2710 967 2783 castaneae
976 2766 990 2801 ,
1008 2713 1066 2785 vel
1081 2713 1220 2814 frugum
1242 2715 1325 2789 vilia
1345 2741 1467 2788 excre-

496 2841 613 2898 menta
633 2839 848 2897 ceterarumt
869 2846 982 2897 verno
1002 2824 1132 2923 magis,
1152 2851 1228 2900 cum
1252 2826 1374 2899 lafient
1397 2850 1466 2898 no-

439 2984 442 2988 -
497 2934 589 3008 velta
614 2928 787 3019 virentia,
804 2952 882 3027 quae
903 2930 1019 3026 porcis
1043 2932 1154 3008 solent
1180 2959 1317 3009 nocere.
1344 2935 1465 3034 Neque

465 3051 468 3055 '
497 3039 661 3142 gregatim
681 3038 877 3112 claudendae
893 3039 967 3111 sunt
988 3065 1104 3134 porcae
1127 3067 1223 3115 more
1244 3044 1384 3117 aliarum
1402 3069 1466 3141 pe·

496 3152 640 3239 cudum,
658 3148 715 3222 sed
738 3149 835 3222 haras
853 3146 915 3221 sub
935 3147 1126 3244 porticibus
1145 3150 1325 3242 faciemus,
1341 3154 1465 3248 quibus

495 3278 606 3334 mater
627 3281 838 3355 unaquaeque
855 3255 1054 3347 claudatur,
1077 3257 1308 3346 &alumnum
1329 3282 1463 3358 gregem

496 3370 607 3445 tutior
632 3367 701 3464 ipsa
724 3366 921 3439 defendata
944 3364 1082 3465 frigore.
1103 3392 1182 3467 quae
1211 3368 1301 3441 harae
1321 3395 1341 3443 a
1364 3371 1464 3468 supe·

358 3538 360 3544 .
407 3555 420 3563 ,
495 3478 582 3553 riori
599 3476 846 3574 partedeteslae
868 3475 1007 3567 smt,ur
1026 3474 1131 3549 libere
1152 3501 1330 3551 numerum
1351 3481 1463 3578 pastor

495 3588 678 3685 exploret,
695 3587 734 3659 δι
748 3586 910 3683 oppresfis
923 3613 943 3659 a
956 3607 1063 3661 matre
1082 3587 1223 3663 foetibus
1238 3590 1323 3688 saepe
1338 3593 1463 3667 subve-

496 3699 569 3774 niat
583 3695 818 3769 subtrahendo.
833 3696 965 3769 curabit
976 3717 1087 3772 autem
1099 3751 1111 3788 ,
1124 3722 1162 3771 ut
1174 3696 1279 3774 foetus
1302 3706 1463 3798 proprios

495 3812 574 3882 cuni
596 3828 797 3901 unaquaque
820 3804 1009 3901 procludet.
1030 3805 1105 3902 plus
1124 3831 1332 3905 veroquam
1356 3812 1463 3904 osio,

494 3916 582 3989 sicut
601 3912 794 3986 Columella
811 3911 893 3987 dicit
903 3937 922 3998 ‚·
930 3910 1060 3987 nutrire
1081 3936 1153 3987 non
1173 3908 1282 3990 debet.
1297 3918 1383 3992 Mihi
1400 3945 1460 3998 νε-1

492 4050 537 4099 ro
558 4023 673 4098 utilius
697 4021 863 4119 probatur
887 4040 1053 4118 experto,
1075 4048 1237 4121 porcam,
1258 4026 1314 4098 cui
1336 4027 1458 4122 pabula

492 4136 697 4233 suppetunt,
719 4150 756 4206 ut
779 4133 964 4229 plurimum
986 4133 1041 4207 sex
1063 4136 1191 4211 nutrire
1214 4137 1355 4229 debere,
1380 4140 1458 4238 quia

337 4291 341 4296 -
492 4244 574 4316 licet
588 4247 699 4341 plures
720 4242 821 4340 poffit
835 4245 1001 4332 educare,
1014 4263 1126 4319 tamen
1146 4247 1378 4345 frequentiore
1392 4276 1456 4322 nu·

492 4375 590 4428 mero
609 4353 697 4431 susla
712 4350 856 4432 desiciet.
876 4358 914 4427 ln
928 4356 1044 4453 porcis
1061 4357 1162 4432 etiam
1182 4357 1268 4431 illud
1289 4360 1336 4432 est
1357 4383 1456 4435 com·
